3634 4992
364 269 456 340 16

354 473 754 575 exprimimus
796 475 862 538 et
905 469 1208 536 mittimus
1263 468 1326 536 in
1383 467 1515 553 pila
1555 465 1847 550 porcncla
1902 471 1970 534 et
2023 465 2345 534 tundimus
2401 441 2755 551 diligenter.
2846 463 2964 534 Gui
3020 462 3309 566 addimus
3353 481 3535 532 sucos

356 566 482 649 SSI
527 584 593 647 et
635 579 861 648 iterum
905 575 1308 668 exprimimus
1351 579 1418 643 et
1459 594 1705 656 nasum,
1751 573 1815 642 in
1859 593 1986 658 quo
2031 573 2201 668 ipsos
2226 593 2410 642 sucos
2437 573 2801 659 colligimus,
2848 569 3214 657 deponimus
3257 571 3323 638 in
3368 591 3537 653 aqua

358 686 778 771 frigidissima,
823 685 924 752 cui
967 683 1184 752 addita
1227 681 1312 750 sit
1355 681 1665 750 modicum
1711 680 1951 748 ailitem
2012 679 2329 766 suptilem.
2419 680 2598 748 Tunc
2653 678 2885 747 ibidem
2929 675 3311 747 infundimus
3354 675 3535 746 linte-

357 793 566 863 amina
608 792 883 878 duplices
925 796 996 860 et
1034 789 1510 880 superponimus
1567 789 1650 856 de
1708 786 1862 856 foris
1918 789 1983 856 in
2026 788 2421 876 ypocondriis
2466 790 2579 854 aut
2622 787 2731 855 ubi
2774 787 2945 854 cslor
2988 785 3261 853 sentitur
3302 790 3369 852 et
3410 805 3534 854 non

272 920 318 974 s
356 899 463 967 diu
521 898 934 982 permittimus
990 901 1164 966 stare
1220 891 1640 976 medicamen,
1697 914 1780 964 ne
1828 893 2115 978 Qcalefiat
2175 893 2287 964 sed
2345 893 2595 964 sublato
2647 893 2918 962 alterum
2976 891 3275 979 frigidum
3319 912 3536 978 super-

356 1006 660 1092 ponimus.
750 1004 1164 1075 Admiscimus
1215 1005 1532 1106 interdum
1585 1003 1981 1108 medicamini
2034 1002 2241 1074 oleum
2297 1001 2675 1117 omfncinum
2736 1006 2849 1067 aut
2904 1017 3186 1080 roseum,
3246 999 3302 1066 si
3343 1018 3538 1066 causa

358 1109 792 1196 postuiuberit.

569 1339 746 1409 xxl.
821 1329 1097 1409 SIGNA
1141 1339 1488 1410 Ec'rlcls
1523 1337 1971 1407 mmussvs,

239 1469 321 1523 m
569 1447 788 1516 Ectica
845 1445 1040 1514 febris
1095 1465 1218 1514 non
1271 1446 1336 1514 in
1392 1446 1760 1514 humoribus
1816 1444 2049 1524 solum,
2111 1449 2227 1511 aut
2281 1441 2344 1511 ιιι
2391 1443 2587 1510 uitale
2628 1441 2852 1526 spiritu
2894 1441 3208 1522 consistit,
3254 1378 3368 1509 sed
3410 1443 3537 1509 iam

361 1551 498 1636 ipsa
538 1556 766 1632 stet-ea,
814 1549 978 1620 idest
1017 1548 1377 1618 firmissima
1419 1549 1843 1618 membrorum
1888 1548 2041 1618 loca
2070 1553 2375 1637 occupato
2418 1549 2647 1617 ardore
2702 1543 3023 1617 consumit
3050 1547 3263 1617 nimio.
3353 1548 3539 1618 Dolo·

362 1677 494 1726 rem
539 1657 732 1744 igitur
773 1657 1012 1726 nullum
1057 1657 1335 1726 sentiunt
1377 1663 1444 1726 et
1486 1657 1625 1741 ipsi,
1671 1656 1781 1760 qui
1829 1654 2155 1736 febriunt.
2170 1656 2344 1726 nullo
2388 1655 2572 1723 modo
2614 1675 2684 1722 se
2727 1654 2961 1722 febrire
3003 1655 3379 1735 existimant,
3427 1657 3540 1722 sed

360 1782 478 1831 nec
519 1765 796 1831 sentiunt
838 1763 1034 1832 febris
1075 1763 1367 1831 calorem.
1458 1761 1703 1846 Duplex
1745 1760 1913 1828 enim
1958 1760 2227 1904 ceticae*
2238 1739 2433 1852 febris
2476 1741 2713 1844 species
2760 1809 3112 1828 ......
3226 1818 3231 1824 .

1688 1867 1724 1906 ἡ

1941 1913 1977 1952 ἡ

241 2119 324 2175 ιο
580 2097 826 2186 [xxu]
1181 2150 1186 2156 .
1689 2097 1724 2135 ι·
1880 2088 1977 2181 ⁹.
2190 2094 2226 2151 ᾳ
2320 2045 2373 2052 ”

583 2344 862 2433 [xxm]
915 2393 1330 2424 .......
1377 2343 1450 2429 (f.
1505 2344 1638 2428 10⁸)
1685 2343 1819 2412 sine
1862 2343 2318 2413 intermissione
2359 2349 2426 2412 et
2471 2345 2699 2413 mixtus
2742 2364 2819 2413 ex
2867 2393 2884 2412 .
2934 2395 2951 2412 .
3001 2395 3017 2414 .
3066 2396 3083 2414 .
3133 2396 3150 2413 .
3200 2396 3235 2414 ..
3267 2395 3284 2414 .
3330 2345 3545 2415 inferit
3620 2323 3625 2330 ⁶

371 2451 745 2536 aegrotanti.
833 2449 1032 2536 Rigor
1073 2450 1270 2534 igitur
1317 2497 1871 2519 .........
1961 2449 2166 2518 Maior
2210 2455 2421 2517 autem
2468 2451 2530 2517 in
2574 2451 2675 2519 his
2717 2457 2815 2519 est
2857 2451 3129 2537 frigdor‚
3176 2452 3342 2537 quod
3390 2457 3546 2520 tem·

371 2563 628 2642 perotus
672 2575 747 2623 ex
794 2556 1038 2625 duobus
1082 2555 1373 2624 acredine
1415 2556 1768 2625 humorum.
1858 2557 2001 2626 Non
2059 2557 2225 2625 enim
2283 2557 2524 2642 absque
2578 2557 2821 2626 ratione
2877 2549 2995 2627 hoc
3038 2578 3261 2627 nomen
3306 2559 3549 2644 accepit

371 2663 496 2732 ista
537 2662 750 2744 febris,
798 2667 872 2730 ut
913 2669 1252 2731 uocaretur
1290 2663 1659 2732 emitriteus.
1751 2665 1997 2748 Duplex
2041 2665 2207 2732 enim
2254 2665 2416 2732 ratio
2460 2665 2595 2732 eins
2645 2669 2912 2732 naturae
2954 2671 3071 2732 est.
3162 2666 3547 2734 Conuenien·
3606 2705 3611 2710 -

243 2789 336 2848 ω
374 2770 543 2836 tibus
585 2788 738 2854 ergo
782 2769 946 2835 duae
989 2769 1428 2836 commotiones
1470 2769 1534 2836 in
1581 2787 1704 2837 uno
1747 2773 2029 2855 tempore
2086 2770 2171 2838 ab
2227 2769 2406 2838 initio
2449 2765 2641 2838 simul
2685 2768 2949 2837 inbicem
2995 2770 3115 2838 sibi
3161 2775 3549 2856 temperatae

373 2894 514 2944 cum
558 2893 711 2962 ergo
753 2874 1061 2944 tertianus
1102 2855 1476 2960 optinuerit,
1536 2874 1743 2944 febres
1784 2897 1929 2944 cum
1972 2895 2191 2944 orrore
2233 2876 2426 2956 fiunt,
2478 2893 2860 2959 quamquam
2905 2877 2973 2943 et'
3016 2875 3188 2961 rigor
3227 2877 3551 2962 praecedit

373 2999 675 3051 orrorem.
765 2970 1118 3050 Secundum
1173 2981 1376 3066 ipsam
1433 2981 1845 3052 accessionem
1903 2999 2047 3050 mox
2101 2981 2248 3052 talis
2304 2982 2479 3051 calor
2537 2981 2804 3051 efficitur
2861 2986 2929 3051 et
2977 2981 3121 3070 igne
3165 2984 3547 3062 accenditur,

375 3089 624 3173 qualem
682 3087 744 3157 in
805 3087 1095 3157 tertianis
1147 3087 1284 3156 fieri
1343 3107 1524 3173 posse
1578 3090 2013 3174 proposuimus
2070 3096 2139 3158 et
2192 3090 2439 3157 uomica
2493 3096 2562 3157 et
2616 3093 2837 3156 uenter
2894 3088 3202 3157 cholerica
3243 3088 3550 3157 infusione

377 3181 741 3280 generatur.
831 3191 1055 3263 Altera
1097 3199 1310 3263 autem
1354 3193 1518 3263 diem
1564 3195 1832 3265 accessio
1874 3214 2043 3281 quae
2083 3184 2280 3264 fit‘ex
2322 3193 2633 3282 flegmate,
2680 3193 2879 3282 frigus
2920 3201 3233 3265 extremas
3274 3196 3551 3282 corporis

251 3325 340 3382 ω
375 3303 618 3388 optinet
659 3307 872 3388 partes
915 3321 1058 3372 cum
1103 3302 1343 3371 modico
1384 3321 1602 3371 orrore
1615 3354 1632 3383 ‚
1688 3303 1798 3372 sed
1854 3316 2060 3388 neque
2101 3303 2322 3371 sitiunt
2385 3321 2589 3387 neque
2631 3303 3027 3388 stigationem
3068 3303 3347 3388 corporis
3389 3304 3553 3389 pati·

379 3414 592 3478 untur.
679 3407 943 3492 Quando
987 3413 1200 3477 autem
1242 3409 1535 3492 aequales
1592 3415 1742 3479 sunt
1781 3412 2125 3480 secundum
2168 3429 2349 3480 suam
2393 3429 2555 3478 unus
2582 3410 2849 3496 quisque
2890 3396 3383 3495 magnitudinem
3425 3415 3552 3477 ter·

327 3603 336 3612 .
381 3517 590 3582 tianus
643 3521 829 3601 typus
884 3519 955 3583 et
1007 3515 1382 3584 cottidianus
1437 3533 1698 3600 syuocus
1713 3567 1731 3595 ,
1790 3521 1943 3584 tunc
1998 3517 2269 3585 accessio
2311 3535 2455 3583 cum
2496 3532 2715 3581 errore
2755 3513 2831 3580 fit
2846 3563 2865 3594 ‚
2910 3517 2978 3580 et
3019 3513 3269 3597 quando
3310 3515 3554 3583 medius

382 3623 630 3704 tempus
682 3623 782 3688 est
833 3624 902 3688 et
957 3617 1188 3706 flegma
1227 3620 1616 3706 optenuerit,
1663 3621 1965 3708 depositio
2007 3620 2085 3690 fit
2124 3621 2347 3706 orrori,
2394 3627 2463 3691 et
2502 3641 2646 3691 cum
2689 3620 2862 3689 calor
2902 3617 3287 3705 op‘tenuerit‚
3346 3621 3554 3690 subito

383 3727 794 3796 excalescunt.
883 3726 1057 3795 Talis
1112 3731 1213 3795 est
1266 3729 1432 3795 enim
1488 3709 1680 3796 uerus
1736 3729 2087 3796 emitriteus
2142 3747 2220 3796 ex
2264 3729 2513 3811 aequali
2556 3731 2943 3810 temperatus
2984 3725 3229 3793 duobus
3272 3725 3555 3793 febribus

263 3830 588 3911 „factis
634 3829 905 3900 tertiano
949 3835 1096 3918 typo
1138 3835 1204 3898 et
1246 3831 1586 3901 cottidiano
1629 3833 1966 3921 synoncho.
2053 3833 2195 3902 Non
2238 3851 2432 3903 uerus
2475 3836 2689 3903 autem
2730 3831 3079 3968 emin-iteus
3109 3835 3223 3899 aut
3248 3830 3554 3964 cholerico
3607 3931 3634 3937 ,⁴

387 3941 828 4022 augmentatus
870 3936 1131 4004 humore
1172 3943 1286 4005 aut
1325 3937 1735 4007 fleumaticus.
1840 3973 1851 3982 ·

605 4144 932 4218 mundes]
982 4147 1222 4217 litters.
1257 4113 1380 4206 0⁰⁶8
1427 4153 1499 4204 10
1542 4162 1721 4204 ιιιιιιιι
1759 4147 1964 4217 folium
2008 4149 2230 4205 midit-
2302 4148 2720 4206 Dusarem
2770 4149 2981 4220 eapitis
3026 4145 3283 4219 xxnt,
3332 4161 3445 4220 quo
3488 4150 3558 4206 ds

386 4232 782 4290 aenianica-’u
825 4232 1077 4305 febribus
1121 4234 1341 4307 unitur,
1387 4249 1506 4292 ιιοιι
1552 4235 1670 4294 uisi
1705 4235 1903 4310 prino
1947 4235 2116 4295 verbo
2188 4237 2256 4297 16
2290 4237 2431 4297 Post
2472 4237 2672 4297 mixtus
2704 4254 2774 4298 ex
2808 4237 2923 4298 aso
2957 4237 3558 4312 modun-creatu

387 4325 818 4395 ωννοοοιιιιιις
849 4323 2580 4398 oideturutrlsqueborroreuodommsen’pmrudsn.
2650 4326 3559 4448 Idempoulopmaeeiditpost

389 4409 748 4508 rlcorissltun
783 4409 1790 4512 anthime-tummim?
1853 4412 1921 4470 81
1960 4419 2304 4472 ιιιιιιοιιιιιιιι
2446 4453 2514 4464 ..
3321 4451 3328 4466 ,
