3634 4992
55 0 3577 58 Q

3340 347 3417 422 13

481 548 630 619 ΧΠ.
720 549 980 618 SIGNA
1026 549 1516 632 QVARTANAE
1561 551 1889 623 FEBRIS.
3192 594 3199 606 ·

357 697 367 714 ·
481 661 822 741 Quartana)
869 657 1062 728 febris
1107 658 1376 727 accessio
1417 678 1559 728 cum
1605 660 1799 730 multo
1843 658 1917 729 fit
1958 660 2265 747 frigdore,
2321 661 2471 748 quia
2513 681 2592 732 ex
2635 659 2863 748 frigido
2906 661 3171 732 humone
3211 661 3425 732 melaa-

271 762 513 834 cholico
557 769 901 848 generatur
942 769 1010 832 et
1051 764 1191 833 ideo
1233 783 1350 832 nec
1391 765 1548 834 satis
1589 765 1855 834 calidam
1892 772 2004 836 aut
2030 767 2289 853 ignitam
2320 773 2582 854 generat
2614 767 2875 849 febrem,
2919 769 3423 853 quemadmodum

269 872 598 940 tertianus.
689 872 818 940 Sed
861 891 1066 956 neque
1108 872 1182 939 fit
1223 875 1291 939 'et
1331 861 1536 957 neque
1591 873 1907 942 cholerum
1965 875 2211 944 uomica
2264 875 2550 959 sequitur
2600 873 2861 945 febrem.
2952 875 3155 946 Urina
3194 895 3341 944 uero
3368 877 3423 944 ia

271 977 370 1044 his
413 978 564 1046 alba
617 983 686 1046 et
740 978 947 1046 tenuis
1004 983 1071 1046 et
1127 997 1364 1063 aquosa
1419 979 1766 1062 inuenitur,
1826 980 2042 1066 pulsus
2085 981 2276 1050 etiam
2325 1000 2593 1068 magnus
2633 985 2703 1049 et
2744 1000 2949 1052 rarus.
3040 982 3195 1050 Hoee
3234 983 3426 1051 omnia
3451 1000 3479 1052 s

271 1083 604 1152 manifeste
646 1089 962 1170 quartana
1005 1103 1144 1152 esse
1187 1085 1499 1170 signifieat
1540 1085 1779 1154 febrem
1826 1087 1899 1173 (r.
1948 1087 2067 1172 τ’).

484 1295 666 1366 x111.
757 1297 1154 1368 CVRATIO·
1177 1296 1670 1381 QVARTANAE
1712 1297 2040 1368 FEBRIS.

480 1405 870 1485 Quartanam
929 1403 1168 1471 febrem
1220 1404 1656 1474 laborantibus
1711 1406 1923 1472 mitius
1978 1424 2171 1490 agere
2390 1409 2639 1490 oportet
2690 1411 2759 1473 et
2814 1423 3017 1490 neque
3059 1407 3423 1474 medicamen

271 1513 480 1597 aliquo
523 1511 781 1582 fortiore
823 1513 914 1581 eis
961 1511 1114 1582 dare
1157 1516 1406 1599 oportet
1445 1530 1649 1598 neque
1691 1513 2160 1583 emanationem
2206 1512 2433 1596 facere,
2480 1511 2599 1583 nisi
2644 1511 2805 1582 sonte
2848 1511 3167 1600 sanguinis
3200 1511 3426 1584 baban-

269 1619 552 1687 dantiam
596 1637 736 1686 esse
779 1618 1014 1687 uideris
1029 1670 1046 1700 ,
1106 1624 1179 1686 ut
1231 1619 1322 1686 sic
1375 1618 1812 1688 lleuotometur
1866 1620 2003 1688 siue
2058 1621 2121 1687 in
2165 1621 2342 1686 initio
2384 1617 2497 1688 seu
2540 1619 2819 1702 quolibet
2862 1625 3161 1704 tempore.
3250 1620 3425 1688 Guim
3457 1637 3509 1691 ιο

271 1725 638 1812 sanguinem
697 1725 938 1795 tamdiu
995 1744 1251 1796 currere
1308 1724 1490 1816 facis,
1547 1727 1744 1796 donec
1797 1727 2046 1813 nigrum
2104 1726 2374 1796 colorem
2429 1726 2495 1796 in
2558 1725 2763 1795 rufina
2820 1732 3165 1796 canuerunt.
3258 1727 3425 1795 Dicta

220 1863 235 1886 ·
271 1835 482 1902 autem
529 1833 630 1914 sit,
676 1851 818 1920 quoe
861 1851 986 1902 non
1032 1831 1208 1916 inflit,
1253 1832 1363 1902 scd
1411 1830 1624 1901 inutilis
1652 1833 1736 1901 sit
1763 1839 1831 1902 et
1858 1832 2244 1920 digestibilis,
2290 1850 2433 1918 qum
2462 1837 2529 1902 et
2554 1831 2794 1901 molliat
2821 1839 3127 1905 uentrem.
3178 1833 3423 1916 Quodsi

270 1943 510 2008 uentris
553 1941 906 2008 constrictio
950 1942 1158 2020 tuterit,
1204 1942 1532 2026 clysterem
1579 1943 1774 2009 uteris
1822 1942 1882 2009 in
1927 1943 2099 2009 initio
2144 1942 2412 2020 mollem.
2459 1947 2603 2025 post
2628 1941 2765 2010 hoec
2793 1941 3115 2011 acriorem.
3206 1943 3424 2010 cannes

272 2053 483 2114 autem
527 2046 815 2130 porcinas
857 2046 1278 2131 prohibendae
1321 2050 1469 2114 sunt
1510 2046 1610 2114 uel
1655 2046 1861 2114 omnia
1879 2097 1897 2126 ‚
1950 2065 2093 2130 quoe
2136 2051 2287 2114 sunt
2329 2046 2573 2114 uiscosa
2616 2051 2682 2114 et
2724 2047 2995 2130 grabant
3036 2047 3425 2132 digestionem

271 2159 340 2222 et
383 2171 528 2238 quae
571 2152 802 2238 frigida
845 2159 994 2220 sunt
1035 2153 1263 2221 omnia.
1331 2153 1560 2222 Vinum
1605 2171 1757 2220 uero
1799 2156 2016 2220 utatur
2047 2153 2260 2221 album
2306 2157 2556 2220 tenuem
2600 2159 2667 2220 et
2716 2152 3107 2221 mediocriter
3148 2153 3425 2220 calidum.
3458 2167 3509 2222 ιι

271 2259 552 2328 Utantur
595 2259 785 2326 etiam
831 2265 899 2325 et
940 2259 1320 2326 salsamenta
1360 2264 1427 2325 et
1449 2277 1698 2342 senape,
1730 2257 1843 2326 sed
1886 2264 1953 2325 et
1994 2277 2110 2343 per
2152 2258 2391 2341 aliquot
2431 2258 2575 2326 dies.
2608 2259 2955 2334 antidotum
2997 2259 3106 2325 dia
3146 2259 3305 2325 trion
3348 2257 3429 2340 pi·

273 2383 506 2451 percon
553 2363 862 2450 accipiant
920 2369 1036 2432 aut
1077 2362 1453 2448 disspolitin.
1511 2364 1599 2431 Et
1653 2363 1708 2433 si
1749 2363 1929 2448 piper
1971 2364 2169 2432 solum
2214 2383 2359 2432 cum
2402 2363 2585 2432 calda
2626 2382 2795 2448 aqua
2804 2397 2817 2435 -.
2836 2377 2965 2458 per
2993 2361 3271 2448 singulos
3308 2361 3429 2430 dies

273 2470 598 2559 accipiant,
645 2475 817 2540 recte
859 2469 1119 2540 faciunt.
1209 2471 1366 2539 Cum
1427 2487 1578 2540 uero
1635 2488 1886 2540 causam
1945 2470 2336 2556 aegritudinis
2394 2469 2457 2539 in
2516 2476 2749 2538 statam
2801 2471 3017 2538 uenire
3058 2467 3426 2554 cognonen-is,

269 2584 420 2650 tunc
463 2585 710 2666 oportet
752 2584 974 2650 tenues
1018 2577 1348 2649 adsumere
1390 2579 1562 2649 cibos
1616 2583 1683 2648 et
1737 2577 1800 2648 in
1860 2578 2075 2664 requie
2134 2595 2307 2665 aeger
2361 2581 2461 2648 est
2518 2577 2843 2648 habendus
2896 2577 3119 2647 diebus
3160 2575 3431 2664 plurimis

269 2691 338 2756 et
380 2687 626 2756 uiscera
667 2685 1182 2772 cataplasmanda
1225 2689 1404 2769 sunt,
1463 2703 1605 2771 quoe
1663 2685 1943 2755 molliant
1998 2684 2207 2755 media
2262 2690 2329 2755 et
2372 2683 2672 2754 relaxent.
2763 2684 3003 2754 Deinde
3042 2685 3257 2753 danda
3296 2687 3431 2752 sunt
3457 2699 3513 2755 w

271 2793 566 2862 diuritica
623 2794 1080 2862 medicamenta
1095 2844 1112 2874 ‚
1173 2799 1240 2862 et
1293 2813 1436 2862 cum
1492 2795 1674 2880 signa
1726 2791 2059 2862 manifesta
2118 2792 2480 2880 digestionis
2536 2791 2769 2862 uideris
2824 2791 2994 2864 facta
3008 2839 3025 2872 ‚
3072 2797 3222 2862 tunc
3265 2790 3431 2861 dabis

273 2897 663 2982 catarticum,
710 2899 876 2984 quod
921 2899 1432 2968 melancholicum
1477 2898 1747 2968 deducat
1789 2899 2135 2968 humorem.
2225 2899 2353 2968 Sed
2395 2917 2518 2968 noa
2554 2899 2636 2967 de
2663 2898 2874 2980 sanuel,
2919 2897 3031 2967 sed
3059 2896 3433 2984 frequentius

271 3007 518 3073 dandus
561 3013 678 3074 est.
768 3005 857 3072 Et
898 3026 1040 3074 cum
1088 3007 1336 3074 fortiter
1381 3006 1572 3074 suerit
1611 3014 1936 3091 purgatus,
1984 3006 2334 3074 antidotum
2365 3007 2693 3094 'syriacam
2738 3007 2919 3075 dabis
2962 3007 3181 3076 bibere
3222 3013 3291 3074 et
3316 3006 3434 3073 alis

272 3129 520 3196 queque
562 3111 734 3192 talia,
782 3129 942 3196 quas
986 3130 1098 3181 nos
1143 3110 1503 3198 frequenter
1560 3113 1654 3181 usi
1712 3130 1927 3182 sumus
1980 3117 2049 3180 et
2103 3131 2147 3181 a
2200 3112 2382 3181 nobis
2424 3113 2693 3198 probata
2733 3118 2912 3195 sunt.
2957 3129 3034 3180 ex
3076 3111 3307 3196 quibua
3344 3113 3434 3178 est

272 3218 760 3298 laudatissimus,
801 3219 916 3302 'qui
959 3219 1106 3303 opiu
1129 3220 1460 3306 Gyrinaicu
1505 3219 1744 3304 recipit.
1832 3218 1992 3285 Item
2036 3218 2119 3285 ad
2162 3218 2509 3302 periodicas
2551 3217 2793 3288 febres:
2838 3218 2945 3302 qui
2988 3237 3066 3286 ex
3107 3216 3433 3301 pinguibus
3460 3228 3517 3284 ει
3574 3281 3576 3298 ,

169 3345 178 3354 ·
274 3330 345 3393 et
385 3325 642 3394 uiscosis
703 3325 1069 3395 humoribus
1125 3331 1510 3413 generantur
1561 3345 1702 3395 cum
1760 3324 1967 3410 rigore
1994 3323 2233 3394 'febres
2247 3375 2265 3406 ‚
2324 3315 2613 3412 agaricus
2671 3325 2857 3396 datus
2896 3329 3012 3393 aut
3050 3321 3433 3395 calamintbis

277 3432 352 3519 (f.
398 3433 494 3516 8⁸)
539 3431 602 3499 in
649 3431 852 3500 mulsa
895 3432 1083 3500 datus
1127 3438 1314 3500 sanat
1353 3437 1420 3501 et
1461 3433 1515 3500 si
1557 3436 1904 3517 coquantur
1948 3432 2011 3498 in
2056 3431 2193 3500 oleo
2236 3437 2301 3499 et
2336 3449 2542 3500 exeo
2583 3432 2721 3500 oleo
2763 3437 2913 3499 ante
2940 3431 3211 3516 rigorem
3244 3437 3433 3499 totum

203 3533 212 3543 ’
273 3557 500 3624 eorpus
544 3538 936 3625 perfricetur,
983 3538 1297 3610 subuenit.
1386 3539 1550 3610 Nam
1607 3539 1889 3608 similiter
1942 3543 2151 3607 costus
2206 3542 2320 3608 aut
2377 3543 2670 3627 pyretms
2726 3537 2845 3608 boe
2898 3537 3081 3607 modo
3124 3535 3434 3606 adbibitus

274 3645 475 3714 iubat.
569 3647 722 3728 Hmc
763 3652 974 3714 autem
1020 3651 1087 3714 et
1128 3647 1383 3732 stupida
1426 3647 1688 3715 menbra
1729 3644 2109 3714 habentibus
2148 3651 2217 3713 et
2258 3646 2574 3733 paralysin
2621 3644 2999 3736 patientibus
3040 3645 3338 3714 subbenit
3376 3647 3437 3710 et
3574 3709 3576 3728 2

277 3750 528 3838 mitigat
588 3751 847 3838 rigores.
950 3751 1076 3822 Sed
1134 3756 1202 3823 et
1257 3773 1426 3841 agnu
1483 3771 1735 3840 sperma
1790 3751 2075 3822 similiter
2130 3751 2194 3822 in
2237 3752 2374 3821 oleo
2416 3757 2630 3823 coctu
2672 3759 2740 3822 et
2774 3769 2943 3824 usca
2981 3750 3146 3821 lauri
3188 3758 3260 3822 et
3298 3765 3435 3822 oneo
3462 3763 3520 3818 so

275 3857 544 3927 Gnidlus
629 3858 711 3928 G.
754 3858 892 3928 oleo
934 3864 1002 3946 et
1042 3859 1208 3929 nitro
1250 3865 1514 3947 prestat.

377 4057 384 4064 ’
489 4069 705 4138 XIIII.
795 4069 1054 4153 SIGNA
1099 4069 1652 4141 commanis
1694 4069 2022 4140 FEBRIS.

488 4176 882 4246 Cottidianae
939 4175 1146 4247 febres
1200 4196 1344 4248 mox
1399 4198 1443 4248 a
1497 4177 1715 4265 primis
1769 4177 1993 4248 diebus
2051 4198 2195 4249 cum
2254 4179 2463 4270 rigore
2512 4177 2811 4251 accedent
2824 4231 2863 4263 ‚.
2902 4176 3011 4248 sed
3034 4233 3044 4244 .
3070 4178 3437 4264 procedente
3575 4275 3576 4280 Ἰ

277 4285 560 4366 tempore
613 4301 768 4351 cum
814 4281 1091 4370 frigdore
1146 4285 1348 4370 magis
1362 4335 1381 4366 ‚
1439 4302 1632 4369 quam
1686 4302 1831 4353 cum
1884 4284 2095 4371 rigore
2151 4287 2415 4356 ueniunt
2466 4293 2537 4354 et
2590 4286 2839 4354 difficile
2878 4283 3332 4364 edefaeiuntur
3376 4289 3437 4350 et
3575 4281 3576 4306 *

487 4511 711 4570 accido
775 4512 840 4567 12
874 4527 980 4582 que
1047 4479 1245 4584 mque
1308 4494 1490 4571 'asff
1555 4505 3197 4595 minuam-mahummeuotoostnmotpentrum.
