3634 4992
275 279 341 350 10

263 489 313 548 et
355 483 455 550 cibi
514 489 658 552 sata
711 483 1082 552 infundatur
1136 483 1237 552 uel
1297 483 1711 552 humectetur.
1800 482 1877 549 In
1930 480 2243 548 cholerica
2299 480 2453 548 uero
2510 469 2743 548 natura
2797 480 3210 564 indigestione
3267 479 3391 547 eibi

261 588 392 655 facta
439 585 718 656 febribus
775 571 1154 656 accenditur.
1245 586 1568 670 corruptis
1624 585 1789 652 enim
1848 585 2003 652 cibis
2060 591 2153 651 et·
2184 583 2490 664 firmosam
2549 583 3023 668 uapor-ationem
3040 635 3059 664 ,
3117 583 3282 652 idest
3337 584 3393 652 si

259 693 622 762 carbonculus
665 695 998 762 accesserit
1025 699 1092 762 et
1117 694 1208 762 sic
1242 693 1541 773 febrierit,
1587 696 2111 778 alumnus-'ergo
2140 711 2280 760 cum
2312 689 2521 771 fuerit,
2566 691 2675 774 qui
2704 695 3037 775 corruptus
3066 697 3164 758 est
3192 693 3390 770 cibus,

258 799 432 866 labare
474 805 726 882 oportet
765 805 834 866 et
875 801 1082 868 cibum
1139 801 1296 867 dare
1351 797 1640 888 conuenit
1693 798 1758 865 in
1813 791 2223 866 dedicatione
2267 795 2463 866 febris
2505 797 2709 882 primo
2753 795 2925 866 facta
2966 797 3207 866 uentris
3250 817 3396 866 ron·
3428 809 3435 816 ·

206 904 613 982 ssitloratione.
703 907 937 990 Quodsi
1001 907 1201 975 nioior
1268 907 1352 976 sit
1415 906 1653 974 uentris
1697 905 1871 974 facta
1912 889 2130 974 effusio
2200 911 2269 972 et
2310 905 2560 972 deficiat
2600 906 2805 972 uirtus
2820 955 2837 984 ,
2884 905 3254 972 nutriendus
3299 912 3398 971 est

258 1011 382 1090 cibo,
423 1015 760 1094 mitequaiii
805 1011 996 1094 labet,
1043 1015 1102 1078 et
1144 1010 1474 1096 prouidere
1488 1061 1504 1092 ‚
1566 1028 1710 1093 qum
1755 1009 2111 1078 necessaria
2166 1013 2315 1077 sunt
2356 1008 2585 1076 uentri.
2677 1006 2903 1078 Adhuc
2944 1009 3111 1077 enim
3156 1009 3398 1077 uentris
3472 1051 3481 1058 -

256 1123 511 1185 manente
553 1115 852 1184 effusione
868 1168 885 1197 ,
943 1137 1086 1186 cum
1130 1117 1284 1197 oleo,
1330 1116 1438 1183 ubi
1483 1117 1804 1184 absentius
1862 1117 2155 1184 decoctus
2190 1119 2289 1182 est
2304 1165 2322 1194 ‚
2380 1115 2561 1182 lanas
2612 1121 2761 1182 sunt
2802 1115 3398 1198 superinponendas.

257 1221 592 1288 Mon-dicatio
635 1239 789 1288 uero
831 1221 886 1288 si
930 1221 1140 1304 aliqua
1182 1221 1372 1288 fuerit
1416 1220 1584 1288 facta
1627 1219 1731 1287 uel
1775 1219 2057 1288 defectus
2101 1221 2155 1287 si
2198 1219 2284 1288 sit
2325 1217 2585 1312 uentris,
2632 1220 2819 1286 absos
2862 1237 3163 1304 purpurae
3206 1219 3401 1287 siccos
3462 1203 3471 1212 ’
3524 1229 3548 1308 .³

256 1331 308 1390 et
341 1325 564 1392 calidos
609 1331 724 1393 aut
764 1331 935 1393 certe
977 1325 1210 1393 infusos
1266 1327 1330 1392 in
1387 1325 1521 1393 oleo
1577 1344 1737 1409 puro
1793 1325 1897 1392 uel
1954 1325 2219 1395 nardino
2250 1327 2330 1390 'ct
2373 1327 2699 1407 expressos
2741 1329 2891 1391 sunt
2932 1325 3141 1391 uentri
3184 1342 3401 1408 super·
3546 1325 3549 1334 '

184 1449 232 1502 ιο
258 1429 578 1511 inponendi.
669 1430 1002 1497 Stomacho
1047 1435 1257 1498 autem
1299 1429 1542 1498 defecto
1585 1430 1793 1496 miscis
1838 1429 1901 1496 in
1944 1430 2087 1497 oleo
2126 1429 2393 1497 nardino
2435 1429 2696 1497 mastice
2738 1429 2887 1496 trito
2936 1435 3003 1496 et
3044 1428 3284 1510 infusa,
3331 1435 3405 1496 ut

257 1533 324 1600 sit
358 1534 572 1618 spissa,
617 1526 780 1602 sicut
821 1534 944 1603 mel
987 1534 1290 1619 liquidum
1333 1540 1400 1602 et
1441 1535 1730 1604 infundes
1773 1535 2006 1604 ibidem
2050 1553 2337 1620 purpura
2376 1539 2446 1602 et
2487 1535 2876 1618 superponis.
2946 1535 3169 1603 Calida
3199 1535 3273 1620 (f.
3308 1537 3399 1620 5⁸)

258 1644 440 1705 autem
501 1639 858 1707 adhibenda
915 1646 1062 1708 sumt
1115 1640 1252 1708 hoec
1306 1641 1547 1720 omnia,
1606 1646 1681 1708 ut
1735 1633 2039 1708 uirtutem
2098 1639 2163 1707 in
2220 1623 2541 1726 stomacho
2600 1644 2877 1708 seruent.
2945 1637 3131 1708 Nam
3192 1638 3407 1726 tepida

257 1743 482 1812 soluunt
520 1743 826 1813 uirtutem
869 1745 1192 1816 stomachi.
1283 1745 1351 1814 Si
1395 1753 1602 1814 antem
1648 1747 1856 1814 calida
1897 1750 2130 1813 natura
2185 1746 2377 1814 suerit
2430 1746 2619 1813 homo
2674 1751 2742 1812 et
2794 1751 3019 1813 uenter
3063 1747 3219 1813 setis
3262 1764 3406 1829 pro-

258 1849 408 1930 fluat,
453 1849 750 1916 melinum
791 1850 995 1917 oleum
1037 1868 1152 1935 pro
1193 1850 1454 1919 nardino
1497 1850 1714 1918 uteris.
1804 1852 2006 1919 Utere
2050 1854 2261 1918 autem
2305 1855 2373 1919 et
2414 1849 2535 1920 hoe
2577 1856 2790 1920 ceroto
2806 1902 2823 1932 ‚
2887 1851 3076 1936 quale
3118 1856 3218 1919 est
3259 1869 3408 1920 cera

181 1975 232 2029 ιι
257 1960 312 2022 et
357 1955 614 2024 nardum
629 2007 646 2036 ,
705 1955 916 2039 qualia
957 1956 1252 2040 pondera.
1341 1957 1495 2024 Aloe
1537 1963 1748 2025 autem
1807 1963 1875 2024 et
1916 1957 2173 2024 mastico
2216 1962 2443 2024 octaua
2484 1961 2669 2038 purte
2713 1955 2911 2022 mittis
2954 1960 3022 2022 et
3062 1955 3118 2022 si
3164 1956 3407 2023 calidus

258 2063 342 2124 est
389 2063 610 2126 uenter
623 2107 641 2139 ,
698 2077 814 2144 pro
869 2059 1198 2128 nardinum
1258 2061 1548 2130 melinum
1607 2060 1831 2130 mittis.
1922 2059 2084 2130 Sunt
2125 2066 2338 2130 nutem
2394 2079 2471 2130 ex
2515 2060 2773 2130 enantiu
2818 2066 2885 2131 et
2926 2059 3302 2149 ypocistidos
3344 2067 3412 2133 et

259 2165 552 2234 sumna
594 2170 662 2234 οι
709 2166 1099 2236 catulorum
1155 2187 1375 2236 carnes
1431 2169 1512 2236 aa
1570 2170 1708 2238 hoee
1764 2168 1943 2236 uuna
2002 2169 2473 2236 mariamnem.
2564 2169 2753 2236 eibos
2810 2174 3023 2236 auoem
3084 2169 3296 2248 dabis,
3355 2170 3412 2236 si
3500 2169 3505 2180 ’
3546 2131 3548 2138 ’

259 2271 446 2338 ulline
489 2276 712 2338 uenter
753 2270 925 2352 fluit,
986 2271 1160 2340 altitu
1215 2292 1358 2340 cum
1413 2291 1578 2358 aqua
1620 2274 1937 2340 interdum
1980 2272 2250 2341 calidum
2294 2273 2475 2355 satis,
2522 2274 2838 2341 interdum
2880 2293 3025 2342 cum
3070 2292 3219 2343 suco
3263 2275 3412 2344 moli
3484 2343 3491 2350 ,

261 2377 490 2460 granati
551 2380 665 2444 aut
716 2375 872 2462 piris
929 2383 1041 2445 aut
1095 2378 1294 2447 melis.
1381 2381 1610 2462 Quodsi
1670 2380 1800 2448 iam
1856 2399 1979 2448 non
2033 2379 2173 2447 fluit
2228 2386 2451 2448 uenter
2464 2431 2481 2461 ,
2541 2381 2734 2449 alicas
2786 2380 2973 2448 utiles
3014 2385 3163 2449 sunt
3228 2381 3412 2448 simili
3490 2391 3501 2412 ·

133 2503 138 2510 ·
177 2503 232 2555 ιο
260 2483 444 2562 modo,
490 2486 566 2549 ιιι
608 2487 866 2568 tysanae
908 2483 1188 2552 conditas
1231 2485 1461 2554 scitum
1505 2485 1831 2554 babentes.
1886 2485 2083 2554 Dabis
2126 2487 2318 2555 etiam
2362 2487 2561 2572 pisces
2590 2487 2921 2572 aspratiles
2948 2486 3014 2556 in
3040 2488 3415 2580 leucqzomo.

261 2587 440 2656 Dabis
485 2591 552 2656 et
595 2607 784 2672 poma
825 2589 1106 2673 stiptica:
1156 2590 1290 2658 sola
1331 2597 1398 2659 et
1439 2611 1577 2658 cum
1607 2611 1772 2676 pane
1803 2591 1957 2658 data
1986 2593 2226 2658 iubant.
2314 2593 2469 2670 Post
2494 2592 2633 2660 hmo
2658 2611 2812 2659 uero
2843 2593 3021 2660 fobes
3068 2593 3418 2676 praecordia

259 2696 316 2756 et
349 2699 548 2758 totum
593 2697 902 2759 uentrem.
992 2693 1059 2760 Si
1103 2700 1312 2761 autem
1357 2714 1497 2762 cum
1540 2696 1732 2764 nimia
1774 2695 2219 2764 mordicatione
2262 2697 2346 2764 sit
2360 2747 2377 2776 ,
2420 2695 2583 2764 bene
2622 2695 2805 2765 iubat
2845 2697 3092 2766 iniectio
3134 2696 3254 2766 olei
3273 2749 3290 2778 ,
3352 2697 3418 2764 ιιι

258 2814 366 2880 quo
408 2797 723 2866 resolutus
766 2803 870 2867 est
908 2799 1103 2884 adeps
1159 2802 1481 2869 anserinus
1537 2808 1649 2870 aut
1700 2802 1975 2887 pullinus
2019 2809 2134 2870 aut
2175 2802 2465 2887 porcinus
2507 2821 2647 2870 cum
2694 2803 2937 2870 modica
2978 2821 3147 2870 cera.
3238 2802 3419 2883 Quod
3508 2805 3513 2812 “

258 2903 304 2968 ιι
352 2903 841 2988 inpneumatosis
899 2902 1120 2988 fuerit,
1175 2905 1342 2974 idest
1396 2906 1829 2976 habundantia
1870 2907 2129 2994 spiritus
2170 2907 2598 2989 uentositatis,
2660 2908 2857 2976 uteris
2900 2907 3139 2990 oleum,
3183 2907 3251 2976 in
3294 2926 3419 2993 quo

173 3027 232 3084 25
259 3009 502 3079 decoctu
545 3015 692 3078 sunt
735 3015 883 3078 ruta
924 3014 992 3078 et
1033 3011 1230 3079 simen
1285 3013 1409 3097 opii
1468 3019 1536 3081 et
1589 3014 1841 3099 cyminu
1901 3019 1969 3081 et
2028 3013 2293 3080 senoeuli
2349 3013 2569 3081 simen.
2660 3013 2944 3135 Deducto
2988 3014 3153 3080 enim
3196 3019 3421 3081 uentre

259 3113 430 3184 danis
471 3134 616 3185 mox
657 3115 832 3186 cibos
875 3115 1176 3203 accipere,
1222 3119 1331 3203 qui
1374 3137 1496 3187 non
1539 3117 1822 3192 babeant
1864 3117 2101 3205 aliquid
2144 3118 2484 3205 stipticum.

263 3346 672 3522 mmxgxlrs
701 3345 963 3416 SIGNA
1024 3345 1141 3417 DE
1199 3347 1568 3418 FEBRIBV
1574 3348 1619 3419 S
1679 3350 1830 3434 Qvl
1886 3345 2007 3418 Ex.
2072 3327 2567 3432 POTREDINE
2634 3349 3071 3420 HVMORVM
3137 3349 3423 3418 FIVNT.

462 3557 558 3624 Ex
601 3557 935 3626 humorum
995 3559 1319 3645 potredine
1375 3558 1583 3630 febres
1638 3580 1804 3647 qnae
1848 3559 2084 3632 fuerint
2126 3565 2501 3646 generatam
2558 3560 2679 3630 boc
2720 3561 2936 3628 modo·
2930 3564 3422 3646 Ncognoscuntur

84 3755 86 3758 y
169 3679 234 3732 ω
263 3661 482 3741 ontibus
523 3683 728 3768 neque
767 3665 1138 3741 extrinsicus
1183 3667 1394 3749 aliqua
1436 3667 1758 3749 praeeedit
1799 3685 2024 3746 causa,
2070 3685 2262 3750 quam
2292 3665 2493 3734 Greci
2535 3660 3039 3751 procatharticon
3083 3665 3424 3751 appellant.
3544 3703 3549 3710 -

263 3762 424 3835 Nam
475 3787 616 3838 cnm
676 3770 888 3858 rigore
941 3771 1244 3857 incipiunt
1301 3769 1436 3840 sine
1492 3770 1701 3856 aliquo
1757 3771 1967 3842 calore
2021 3772 2124 3841 uel
2168 3771 2445 3859 frigdore
2486 3792 2564 3843 ex
2607 3792 2756 3841 aere
2797 3773 2989 3842 nimio
3031 3771 3427 3857 procedente.

266 3869 592 3958 Proprium
635 3877 830 3962 igitur
871 3877 1119 3964 signum
1161 3878 1226 3944 in
1269 3877 1370 3946 bis
1412 3880 1542 3945 est.
1611 3877 1686 3961 (f.
1734 3875 1831 3960 5)
1889 3877 2109 3960 pulsus
2150 3878 2390 3947 habent
2430 3897 2827 3964 oppressum,
2886 3878 3091 3962 qualis
3145 3876 3211 3945 in
3255 3876 3431 3945 initio

267 3981 624 4051 accessionis
665 3979 804 4050 fleri
848 3981 1012 4065 solit,
1054 3983 1218 4051 idest
1259 4000 1496 4067 paruus
1539 3982 1695 4052 satis
1737 3985 1805 4049 et
1848 3981 2213 4066 inaequalis.
2303 3981 2471 4052 Nam
2496 3984 2566 4052 in
2592 3983 2768 4055 initio
2798 3984 3165 4053 accessionis
3191 4001 3431 4067 paruus

267 4081 340 4149 ιιι
381 4089 449 4153 et
484 4106 608 4156 non
649 4087 880 4157 citatus
923 4087 1174 4173 pulsus,
1232 4088 1298 4155 in
1357 4092 1530 4156 statu
1586 4105 1742 4156 uero
1796 4086 1998 4156 maior
2057 4091 2125 4155 et
2164 4087 2415 4218 citatus.
2502 4089 2671 4161 Nam
2713 4091 2779 4161 ιιι
2820 4087 3055 4160 talibus
3094 4087 3433 4204 praecipue

475 4273 2281 4372 smpmssmlotmpoeaeaptmopmmonffien
2352 4302 2415 4357 11
2453 4299 2670 4372 liquid!
2722 4241 3050 4358 monsedo
3119 4297 3431 4358 minabun-

271 4395 482 4474 ΜΒ]
525 4401 812 4478 Istum·
848 4399 1668 4479 merx-criptum.-
1701 4403 2227 4479 Kouma
2296 4390 2525 4480 24⁸3
2552 4407 2841 4472 um
2912 4405 3037 4440 .-·*·
3116 4419 3261 4445 ..,.,.
3398 4429 3404 4437 .
