3634 4992
3294 426 3336 493 9

165 630 318 697 dare
361 628 575 710 possit,
623 627 786 693 sicut
836 645 914 692 ex
973 627 1180 694 calore
1235 629 1554 711 passiones
1609 646 1753 710 quoe
1809 629 1989 697 fiunt.
2080 629 2245 696 Nam
2304 630 2435 708 bis,
2480 631 2710 712 quibus
2754 647 2831 694 ex
2876 628 3155 712 frigdore
3200 647 3343 694 cou-

165 734 382 818 tingit,
429 752 537 812 ea,
584 751 728 814 quoe
771 730 1115 798 calefacere
1156 737 1420 816 possunt
1461 733 1885 813 mediocriter,
1944 734 2132 817 quale
2174 738 2273 800 est
2314 733 2451 800 oleo
2496 733 2654 801 irino
2696 737 2765 800 et
2806 733 3105 812 nardino,
3164 740 3343 800 utere

165 860 273 908 eos
318 843 568 922 oportet
611 839 675 904 in
719 837 1130 906 declinatione
1173 845 1316 923 post
1358 839 1672 907 balneum.
1761 840 1883 921 Qui
1926 845 2139 908 autem
2181 840 2263 907 dc
2290 838 2610 924 stiguosin,
2658 837 2820 906 idest
2848 838 2929 905 de
2956 838 3343 907 constrictio·

165 965 306 1014 uem
353 944 509 1012 cotis
555 943 849 1024 febriunt,
897 944 1199 1011 iubautur
1242 944 1466 1012 balneo
1508 965 1584 1012 cx
1621 944 1794 1014 ‚dulci
1840 966 2005 1030 aqua
2049 945 2215 1013 facto
2258 951 2327 1012 et
2369 944 2685 1012 frictiones
2726 951 2793 1011 et
2820 944 3151 1026 exendtlia,
3198 967 3343 1028 qum

166 1071 380 1118 raram
423 1049 658 1118 faciant
701 1055 908 1116 cutem
953 1055 1021 1116 et
1061 1050 1186 1118 cibi
1229 1051 1358 1118 siut
1399 1050 1563 1117 dulci
1608 1071 1756 1120 suco
1798 1051 2141 1136 compositi.
2230 1055 2386 1132 Qum
2430 1055 2642 1118 autem
2686 1051 3085 1134 coustippant
3138 1057 3207 1119 et
3249 1051 3343 1118 iu·
3402 1073 3434 1124 a

167 1159 199 1226 f
200 1159 454 1244 rigdant
497 1162 611 1238 aut
667 1157 982 1241 glutinant
1035 1175 1225 1240 porus
1240 1208 1258 1237 ,
1306 1157 1476 1224 nocit
1516 1156 1773 1225 nimium
1817 1159 1981 1226 hauc
2022 1156 2395 1243 passionem.
2482 1156 2603 1239 Qui
2648 1162 2860 1225 autem
2902 1157 2985 1224 de
3014 1157 3171 1226 cibis
3200 1156 3344 1242 plus

169 1283 212 1330 a
269 1263 516 1329 rationo
573 1261 844 1344 acceptis
904 1260 1214 1341 febriunt,
1273 1260 1624 1328 declinante
1679 1260 1856 1329 febre
1910 1263 1991 1328 ad
2039 1259 2314 1328 balneas*
2339 1267 2437 1330 cst
2478 1263 2798 1353 ducendus
2840 1267 2909 1327 et
2949 1261 3341 1328 habundanti

91 1437 100 1448 ,
171 1370 310 1436 oleo
357 1369 569 1449 tepido
613 1367 854 1433 infusus
898 1365 1273 1448 pei-fricetur
1333 1372 1399 1434 et
1454 1366 1518 1434 in
1576 1366 1727 1435 solio
1770 1369 1879 1434 diu
1922 1372 2269 1435 remoretur
2312 1372 2380 1434 et
2419 1367 2651 1435 ibidem
2695 1367 2921 1433 iterum
2966 1367 3344 1450 perfricetur

171 1469 244 1559 (f.
293 1471 410 1554 4⁸).
503 1470 662 1538 Cum
707 1473 920 1536 autem
964 1468 1211 1550 lauerit,
1259 1467 1628 1552 requiescat,
1675 1469 1873 1536 donec
1914 1474 2286 1554 reparentur
2328 1469 2495 1535 uires
2538 1475 2605 1535 et
2646 1469 2873 1535 iterum
2903 1467 3076 1534 labet
3103 1475 3171 1534 et
3196 1487 3343 1536 cum

169 1579 248 1644 de
303 1577 528 1645 balneo
585 1576 839 1655 exierit,
907 1575 1090 1644 dabis
1142 1575 1200 1643 ei
1258 1595 1438 1643 sucos
1495 1581 1778 1660 ptysanae
1837 1583 1949 1643 aut
2002 1575 2281 1644 lactucas
2336 1575 2533 1644 elixas
2590 1580 2660 1643 et
2713 1581 2856 1659 post
2898 1573 3036 1644 hoec
3078 1575 3341 1658 piscium
3378 1597 3438 1650 ιο

167 1701 388 1750 carnes
445 1681 662 1749 molles
719 1681 1024 1748 babentes
1080 1699 1155 1746 ex
1199 1678 1551 1747 leucozomo
1595 1678 1814 1747 factos.
1904 1679 2261 1748 Coimuunis
2317 1685 2418 1747 est
2460 1685 2669 1746 autem
2722 1678 3009 1746 omuibus
3053 1678 3341 1746 efemeris

170 1789 450 1857 febribus
491 1783 960 1856 laborantibus:
1008 1786 1392 1870 digestibiles
1433 1785 1624 1864 cibos,
1671 1785 1778 1868 qui
1821 1805 1945 1852 non
1972 1785 2101 1854 siut
2129 1784 2453 1865 infractici,
2502 1785 2641 1852 dari
2680 1789 2946 1870 oportet.
3036 1783 3155 1864 Qui
3187 1803 3342 1850 uero

168 1913 246 1960 ex
290 1893 518 1961 ardore
561 1893 707 1961 solis
750 1892 1059 1972 febriunt,
1107 1896 1219 1958 aut
1260 1892 1342 1958 de
1385 1891 1598 1958 furore
1641 1896 1754 1958 aut
1794 1891 1875 1958 de
1916 1891 2271 1972 iracundia,
2318 1892 2474 1958 dare
2516 1895 2793 1975 oportet,
2847 1889 2956 1974 qui
2997 1888 3345 1974 infrigdant

169 2005 236 2066 et
277 2001 661 2068 humectant.
731 1999 872 2080 ,Qui
917 2004 1130 2064 autem
1173 2017 1252 2064 ex
1312 1996 1586 2082 frigdore
1641 1996 1919 2065 febriunt
1932 2049 1949 2078 ,
2008 2015 2151 2088 quoe
2210 1995 2605 2064 mediocriter
2657 1993 3056 2077 calefaciunt,
3116 1994 3343 2062 dandae

169 2109 335 2172 sunt.
427 2103 548 2186 Qui
593 2110 804 2171 autem
849 2122 926 2170 ex
970 2103 1298 2171 tristiziam
1339 2107 1409 2170 et
1449 2102 1920 2170 sollicitudinem
1964 2102 2065 2202 uel
2112 2103 2193 2170 de
2236 2102 2465 2188 uigiliis
2495 2101 2788 2183 febriunt,
2834 2118 2979 2184 quae
3013 2099 3344 2167 infundant
3380 2122 3438 2175 ω

169 2216 236 2278 et
278 2230 564 2278 somnum
607 2209 861 2278 faciant.
950 2209 1072 2291 Qui
1129 2213 1338 2276 autem
1397 2228 1474 2275 ex
1515 2207 1732 2276 labore
1776 2207 2083 2289 febriunt,
2145 2209 2324 2277 cibus
2366 2208 2611 2277 dandus
2654 2211 2753 2276 est
2766 2258 2781 2288 ‚
2827 2207 2935 2291 qui
2982 2207 3185 2274 illinus
3228 2225 3343 2274 nu-

170 2317 401 2398 triunt,
450 2335 608 2401 quos
651 2315 838 2384 Greci
895 2313 1134 2384 atrofos
1177 2319 1421 2383 uocant.
1467 2309 1480 2352 ·’
1510 2315 1632 2396 Qui
1677 2319 1889 2382 autem
1930 2333 2008 2381 ex
2053 2314 2332 2398 frigdore
2375 2313 2653 2382 febriunt
2668 2365 2684 2396 ,
2744 2301 2931 2382 dandi
2991 2320 3142 2382 sunt
3196 2314 3340 2394 cibi,

169 2426 279 2506 qui
335 2424 641 2491 nutriant.
732 2423 1044 2489 Efemeris
1088 2429 1299 2488 autem
1346 2423 1632 2494 omnibus
1675 2421 1796 2489 cibi
1852 2439 1931 2488 ex
1995 2423 2202 2488 media
2258 2421 2469 2488 danda
2524 2425 2675 2488 suut
2738 2421 3021 2488 materia.
3112 2421 3341 2490 Vinum

173 2533 385 2598 autem
431 2529 496 2598 in
539 2529 826 2598 omuibus
855 2526 1145 2596 efemeris
1176 2525 1457 2596 febribus
1486 2525 1730 2594 dandus
1773 2530 1902 2606 est,
1948 2524 2001 2592 si
2046 2544 2169 2594 nou
2213 2531 2404 2612 caput
2446 2525 2685 2608 doleat,
2742 2543 3043 2611 aquosum
3088 2529 3157 2594 ct
3198 2543 3344 2610 sup-

174 2637 368 2702 tilem.
460 2636 776 2720 Stignosin
821 2654 973 2702 uero
1019 2636 1432 2726 patientibus,
1491 2635 1544 2700 si
1600 2653 1720 2700 nou
1767 2633 1946 2716 grabi
1990 2634 2305 2708 detinetur
2350 2635 2803 2718 aegritudinem
2854 2640 2923 2701 et
2962 2635 3345 2718 pletltoricus
3376 2653 3441 2706 m

173 2759 296 2808 non
341 2743 457 2822 est,
505 2740 719 2807 uinum
762 2739 936 2824 potui
981 2739 1183 2808 dabis.
1274 2740 1443 2822 Quos
1489 2744 1699 2807 autem
1742 2737 2032 2822 stiguosis
2076 2738 2335 2805 nimium
2379 2739 2845 2824 conproehcudit
2869 2743 2939 2806 et
2964 2739 3344 2824 pletboricus

136 2877 142 2884 ·
179 2847 356 2933 [uon]
404 2851 531 2928 est,
578 2845 1002 2931 probibendus
1045 2851 1144 2914 est
1187 2847 1399 2913 uinum
1445 2845 1680 2914 bibere.
1769 2844 1889 2925 Qui
1934 2850 2145 2911 autem
2203 2846 2285 2912 do
2339 2844 2695 2930 inguinibus
2738 2846 3044 2926 febriunt,
3103 2846 3341 2928 labare,

175 2957 513 3036 antequam
560 2953 803 3032 uulnus,
850 2953 934 3020 de
975 2943 1386 3038 quo-inguina
1415 2955 1717 3037 generata
1743 2955 1859 3030 est,
1905 2956 2294 3033 procuretur,
2340 2969 2465 3018 uon
2492 2956 2851 3034 praesumat.
2941 2953 3099 3019 Cum
3130 2959 3341 3020 autem

175 3057 624 3124 declinaueriut
652 3057 861 3124 febres
875 3107 892 3137 ,
945 3056 1240 3124 balneum
1268 3063 1507 3123 utatur.
1597 3055 1895 3123 Similiter
1936 3057 2131 3121 etiam
2174 3061 2243 3122 et
2283 3057 2467 3124 uinus
2508 3063 2609 3123 est
2649 3057 3101 3140 probibendus,
3147 3059 3345 3124 donec

175 3163 448 3248 inguinoe
493 3163 766 3231 cadant·
832 3163 1063 3231 Postea
1118 3169 1331 3231 autem
1387 3163 1633 3230 dandus
1687 3166 1785 3230 est
1829 3161 2010 3229 uiuus
2054 3166 2123 3229 et
2162 3162 2336 3231 cibos
2379 3167 2617 3231 tenues.
2711 3162 2981 3249 Frigida)
3025 3163 3191 3230 euim
3234 3181 3343 3248 po-
3376 3183 3441 3236 2⁵

177 3270 407 3349 tiones,
455 3270 517 3336 in
563 3269 791 3352 quibus
835 3289 1014 3342 acres
1053 3273 1123 3336 et
1164 3269 1390 3337 fumosi
1433 3268 1730 3336 humores
1766 3275 2236 3355 congregantur
2250 3319 2272 3349 ,
2329 3268 2508 3335 iubat
2556 3287 2772 3336 omnes
2813 3288 3017 3336 sanos.
3106 3269 3195 3337 Et
3234 3270 3342 3352 qui

178 3374 390 3460 aliqua
431 3373 707 3443 efemera
751 3373 928 3443 febre
969 3381 1238 3462 oegrotat
1282 3380 1394 3445 aut
1440 3373 1514 3462 (f.
1561 3373 1657 3458 4⁸)
1704 3375 1758 3442 si
1813 3379 1911 3442 est
1965 3379 2298 3442 consuetus
2340 3377 2671 3460 aegrotare
2724 3373 2941 3463 [etiam
2986 3379 3055 3442 et
3096 3373 3159 3442 iu
3202 3393 3343 3442 con·

86 3533 96 3541 .
177 3481 568 3546 suetudinem
626 3479 931 3565 habeant]
949 3530 968 3561 ,
1021 3480 1086 3547 in
1142 3481 1318 3547 initio
1377 3481 1787 3565 aegritudinis
1843 3478 2075 3547 inutilis
2127 3486 2227 3548 est
2281 3480 2386 3546 uel
2439 3481 2689 3548 nutrire.
2737 3499 2849 3547 eos
2904 3481 3044 3550 cibo
3100 3501 3244 3548 mox
3301 3503 3343 3549 a

177 3583 501 3670 principio.
593 3585 862 3655 Gholera
903 3585 1070 3654 enim
1113 3587 1508 3655 conimobent
1523 3637 1540 3670 ,
1599 3589 1667 3654 et
1720 3583 1987 3653 maxime
2041 3584 2095 3653 si
2153 3583 2465 3654 cholerica
2506 3583 2635 3652 sint
2675 3590 2924 3653 natura.
3014 3584 3087 3653 lu
3132 3593 3341 3654 sutem

177 3691 366 3776 longa
409 3679 789 3759 abstinentia
829 3693 953 3761 cibi
995 3693 1050 3760 si
1093 3711 1171 3759 ex
1217 3693 1543 3786 aliquibus·
1571 3691 1994 3759 occasionibus
2020 3710 2301 3759 errorem
2334 3692 2610 3777 corporis
2638 3693 2770 3776 pati
2800 3692 3118 3777 incipiunt,
3164 3695 3342 3762 dauis
3374 3711 3443 3765 so

53 3855 60 3866 .
179 3796 269 3866 eis
312 3797 528 3864 uinum
571 3802 989 3883 temperatum
1045 3801 1112 3866 et
1164 3816 1392 3883 panem
1435 3798 1520 3866 in.
1542 3817 1618 3866 eo
1661 3796 1931 3864 infusum
1977 3797 2282 3882 accipere.
2372 3797 2567 3883 Rigor
2620 3798 2787 3866 euim
2830 3798 3046 3868 statim
3096 3805 3338 3884 pausat,
3364 3786 3384 3812 ⁰

178 3906 247 3968 et
299 3900 354 3969 si
413 3901 646 3969 febrire
701 3902 916 3986 incipit
929 3953 947 3982 ‚
1011 3903 1324 3990 [incoante
1379 3902 1583 3988 febre]
1645 3921 1764 3970 uon
1824 3901 1883 3969 ei
1941 3900 2163 3970 dabis.·
2234 3903 2395 3970 Cum
2452 3907 2663 3970 autem
2707 3903 3022 3972 declinare
3064 3905 3337 3989 eoeperit,

157 4007 500 4106 ‘confestim
557 4009 759 4078 nutris
815 4012 884 4077 et
937 4029 1058 4078 nou
1116 4013 1408 4098 expectas
1464 4009 1826 4078 remissione
1868 4007 2085 4078 febris.
2175 4008 2252 4075 In
2294 4012 2508 4077 autem
2552 4027 2925 4094 uaporosam
2967 4015 3037 4078 et
3078 4011 3338 4080 calidam

80 4212 88 4222 ι
180 4116 247 4179 et
289 4113 515 4181 siccam
560 4113 990 4182 habitudinem
1033 4113 1316 4198 corporis
1351 4133 1476 4182 uon
1519 4114 1737 4198 utique
1780 4113 2114 4197 requiescit
2140 4115 2431 4194 accessio,
2476 4119 2813 4197 autequam
2842 4115 3135 4184 balneum
3150 4161 3339 4184 .....

398 4377 462 4433 1⁷
497 4376 652 4448 greci
677 4383 886 4435 atrosoe
953 4380 1026 4434 22
1058 4393 1166 4434 uon
1195 4381 1331 4448 post
1362 4375 1690 4448 pletboricus
1724 4376 1885 4432 sacis
1917 4375 2334 4449 circumscripsi
2376 4383 2441 4434 ue
2474 4394 2546 4435 cx
2577 4377 2699 4436 foco
2731 4379 3023 4451 asperim
3054 4379 3343 4452 repetiens·

183 4467 252 4520 27
285 4465 454 4520 verba
506 4466 692 4522 otian-
719 4471 776 4522 et
826 4465 883 4521 in
935 4465 1371 4523 matidiam
1423 4465 1662 4521 babeant
1712 4465 1837 4520 alia
1869 4466 2051 4522 versio
2086 4466 2346 4523 ὅποι-κω
2377 4466 2427 4524 si
2474 4473 2559 4524 cst
2601 4474 2887 4524 consuetus
2935 4483 3053 4526 csse
3086 4469 3342 4526 videntur

183 4551 254 4606 82
288 4551 536 4608 inco-‚ute
568 4551 720 4610 febro
753 4553 1012 4624 repetitio
1043 4559 1127 4610 cst
1159 4553 1352 4610 alim.-
1383 4552 1433 4610 si
1465 4551 1666 4610 febrire
1699 4551 1886 4622 incipit
1952 4554 2023 4607 84
2052 4559 2187 4624 post
2222 4553 2473 4610 balneum
2508 4555 2731 4611 verbus·
2766 4555 3067 4612 immonis.
3138 4579 3147 4610 :
