3634 4992
3324 373 3421 443 23

215 577 440 644 'miron
484 581 552 643 et
592 581 814 660 postea
857 577 1039 644 dabis
1084 578 1140 644 ei
1189 577 1395 645 bibite
1438 578 1830 647 anthidotum
1860 579 2135 649 habente
2162 579 2344 666 piper
2368 578 2546 660 ΝῙῙ,
2590 578 2793 664 bagas
2821 575 2985 647 lauri
3004 578 3179 660 ΝΠ.
3226 599 3427 665 grano

239 681 482 751 mastiei
511 707 598 744 ‹x›
622 682 706 764 11,
753 683 980 752 cimino
1009 708 1096 745 ‹x›
1119 681 1206 753 11.
1299 683 1474 752 Haec
1516 685 1726 753 omnia
1767 685 2031 754 trituras
2073 685 2486 768 suffeoienter,
2532 684 2715 753 dabis
2748 683 3038 754 mollario
3066 705 3191 753 uno
3220 691 3423 754 nocte.

237 788 462 857 Melior
503 789 812 857 medicina
867 810 993 859 non
1049 796 1167 859 est.
1256 790 1620 860 Nescientes
1677 791 1931 872 medici,
1990 793 2143 861 dum
2200 797 2459 878 sperant
2512 810 2761 860 omnem
2812 789 3052 860 febrem
3098 810 3178 860 ex
3220 790 3425 859 oalido

239 896 500 964 humore
515 947 532 976 ‚
580 894 816 965 donant
859 895 1088 984 frigido
1131 896 1302 979 cibo,
1359 895 1666 967 dicentes:
1729 897 2080 984 extinguite
2134 897 2424 969 uolumus
2479 894 2717 982 febrem
2734 946 2752 980 ‚
2812 902 2879 966 et
2932 915 3055 968 non
3113 897 3425 982 extinguit

115 999 122 1006 ’
239 1001 433 1070 febris
448 1053 466 1082 ,
526 1003 636 1070 sed
695 1003 1005 1088 extinguit
1061 1002 1435 1086 spirat-,olum
1493 1003 1688 1070 uitale
1701 1039 1726 1084 ‚·
1777 1005 1928 1087 quia
1984 1004 2217 1072 fleuma
2273 1004 2503 1091 frigida
2551 1010 2670 1073 est.
2760 1004 2911 1071 Ideo
2953 1003 3137 1073 dabis
3177 1003 3237 1072 oi
3279 1005 3421 1072 cibo
3457 1023 3493 1077 ε

237 1108 439 1177 calido
481 1107 662 1193 piper
707 1108 781 1196 (f.
829 1109 966 1193 84⁸)
985 1162 1002 1191 ‚
1051 1115 1198 1178 ruta
1213 1161 1228 1191 ‚
1276 1109 1500 1179 cimino
1543 1100 1634 1179 et'
1655 1110 1810 1180 alias
1852 1111 2101 1181 sinineles
2115 1164 2132 1195 ,
2178 1117 2247 1180 et
2289 1110 2342 1180 si
2385 1111 2522 1181 sitis
2566 1109 2790 1193 fuerit,
2846 1128 3015 1196 aqua
3056 1115 3234 1180 cocta
3276 1129 3422 1179 oum

169 1267 174 1270 .
239 1215 424 1300 appio
469 1219 582 1282 aut
626 1213 902 1294 fenieolo‚
951 1215 1328 1300 petrosilino‚
1377 1221 1583 1284 aneto.
1675 1217 1831 1283 Haeo
1874 1216 1975 1284 fao
2016 1217 2077 1284 ei
2120 1223 2187 1284 et
2228 1217 2293 1283 in
2338 1217 2555 1300 paucis
2597 1216 2820 1283 diebus
2862 1215 3257 1284 liberabitur.

183 1309 188 1316 ’
416 1320 880 1390 TERGIANAE
912 1341 1068 1391 cura
1097 1341 1220 1390 non
1249 1327 1349 1391 est
1375 1321 1486 1404 ita,
1519 1327 1593 1390 ut
1620 1323 1997 1392 cottidianae
2024 1323 2319 1406 diximus,
2342 1321 2492 1409 quia
2520 1341 2641 1392 non
2672 1327 2771 1391 est
2798 1320 3055 1408 frigida:
3086 1321 3152 1390 in
3181 1319 3419 1407 primis,

191 1453 196 1458 ·
239 1428 358 1496 hoc
402 1433 502 1494 est
543 1427 766 1495 diebus
809 1428 898 1495 Vl
904 1429 954 1510 1,
998 1428 1154 1496 nibil
1201 1429 1293 1497 eis
1336 1427 1561 1510 facies3
1605 1435 1827 1512 postea
1867 1430 1952 1497 da
1993 1431 2086 1498 eis
2128 1417 2319 1510 auito,
2367 1429 2551 1514 appio
2594 1447 2737 1496 eum
2783 1447 2951 1512 aqua
2990 1433 3165 1496 oooto
3192 1428 3419 1497 bibite.

2 1551 11 1558 ·
94 1599 100 1606 .
185 1583 190 1590 -
243 1535 340 1602 De
384 1533 702 1602 holeribus
731 1533 914 1603 dabis
943 1533 1034 1603 eis
1063 1537 1444 1603 manducare
1473 1534 1736 1616 maluae,
1781 1535 2115 1620 atripliees,
2160 1535 2457 1616 lactucas,
2502 1535 2875 1603 oocurbitas.
2967 1535 3063 1602 Do
3103 1534 3423 1603 uolatibus
3462 1555 3533 1608 ιο

240 1638 378 1706 alas
420 1640 502 1707 de
566 1639 737 1723 pullo
795 1644 861 1706 et
905 1641 1210 1725 gallorum
1267 1643 1541 1708 testones
1583 1640 1797 1708 elixos.
1889 1643 1985 1708 Do
2028 1641 2520 1725 quatropedibus
2569 1640 2762 1724 pedes
2820 1639 2901 1707 de
2957 1640 3229 1708 laetante
3284 1659 3424 1708 eer-

184 1833 190 1840 ·
238 1745 420 1827 neno,
469 1764 677 1814 armos
722 1749 789 1814 et
829 1764 954 1815 oua
997 1746 1255 1816 sorbilia
1295 1745 1430 1814 sine
1474 1744 1809 1816 albumens
1839 1744 2033 1815 Poma
2076 1746 2365 1841 Perseos,
2411 1745 2577 1814 mela
2618 1763 2918 1834 agi-amen
2962 1745 3087 1842 noli
3130 1744 3286 1814 dare
3328 1744 3425 1814 eis

239 1871 354 1920 nee
396 1852 544 1920 uino
589 1870 786 1932 usque
827 1870 952 1935 quo
994 1852 1267 1920 absoluit
1310 1851 1506 1921 febris
1549 1857 1616 1919 et
1658 1858 1875 1939 tysena
1922 1853 2105 1922 dabis
2146 1853 2259 1922 eis.

161 1979 174 1994 ·
449 1959 791 2040 Quat-tante
835 1957 1098 2028 curatio.
1188 1947 1351 2041 Quia
1393 1956 1662 2027 diximus
1718 1957 1780 2026 in
1827 1957 2118 2028 tercianis
2176 1957 2386 2028 omnia
2430 1953 2661 2043 frigida
2703 1958 2772 2025 ot
2812 1955 3087 2028 hunteda
3131 1952 3205 2042 (ἰ.
3251 1959 3335 2026 84
3338 1955 3419 2040 ),

111 2115 150 2156 ·,
209 2065 374 2151 ,istis
416 2068 627 2132 autem
672 2082 796 2132 non
839 2064 946 2146 sio,
992 2064 1106 2132 sed
1150 2064 1213 2131 in
1257 2063 1474 2148 primis
1530 2064 1750 2133 diebus
1793 2064 1977 2134 dabis
2018 2065 2111 2132 eis
2154 2064 2440 2150 apooima
2481 2063 2754 2131 habente
2807 2062 3152 2146 opitbotum
3214 2060 3421 2146 puleio
3463 2083 3533 2138 ιε

181 2205 184 2208 ·
239 2177 352 2242 aut
393 2169 666 2240 sator-oia
707 2175 776 2239 et
819 2175 1020 2252 aneto,
1068 2175 1136 2239 et
1177 2169 1230 2239 si
1275 2169 1517 2240 iuuenis
1561 2169 1753 2240 fuerit
1793 2176 1863 2240 et
1902 2170 2064 2240 bor‘a
2105 2170 2397 2256 conpetit,
2444 2168 2743 2240 fleutoma
2782 2187 2947 2251 euin,
2992 2170 3061 2237 ot
3100 2167 3157 2237 si
3186 2167 3422 2239 uideris

238 2277 372 2360 ipso
418 2277 724 2360 sanguine
763 2276 944 2358 nigro
988 2277 1262 2357 exiente,
1311 2279 1579 2344 'securus
1622 2296 1810 2358 eura,
1870 2281 1937 2345 et
1992 2277 2047 2344 si
2103 2295 2225 2344 non
2284 2281 2385 2346 est
2439 2275 2619 2360 niger
2674 2279 2742 2342 et
2796 2273 3047 2342 uidetur
3092 2273 3311 2342 rubius
3352 2281 3425 2342 et

115 2399 122 2405 ·
239 2381 503 2468 suptilis,
552 2382 632 2449 de
676 2381 993 2465 praesenti
1037 2401 1231 2464 cessa,
1277 2381 1444 2466 quia,
1491 2381 1545 2450 si
1581 2381 1844 2451 dimittis
1870 2401 2144 2464 currere,
2190 2381 2624 2471 grandemalo
2654 2377 2827 2448 facis.
2916 2379 3145 2448 Omnia
3188 2378 3425 2464 frigida

240 2494 393 2560 ueta
435 2487 528 2557 eis
571 2493 639 2556 et
680 2486 976 2574 quicquid
1017 2493 1196 2573 potes
1249 2487 1528 2556 inuenire
1583 2487 1853 2557 calidum
1868 2538 1886 2571 ‚
1946 2507 2205 2585 secun-is
2261 2488 2347 2556 da
2388 2486 2501 2556 eis.
2588 2486 2665 2555 In
2708 2484 3162 2554 accessionibus
3205 2491 3423 2553 tannen

109 2607 118 2618 ·
240 2596 394 2665 nihil
439 2597 612 2678 dare,
660 2595 772 2662 sed
815 2599 964 2662 aute
1009 2613 1325 2663 aceessum
1367 2602 1435 2664 et
1476 2601 1618 2680 post
1660 2613 1974 2665 acoessum
2020 2594 2238 2665 da-eis
2282 2595 2538 2676 uictum,
2584 2592 2745 2663 sieut
2785 2611 2982 2678 napos
3024 2597 3232 2662 coetos
3272 2612 3422 2662 eum
3460 2615 3541 2670 ω

240 2701 412 2789 pullo
455 2705 522 2769 et
564 2700 712 2768 uino
756 2699 986 2785 suptile
1029 2699 1173 2769 albo
1217 2705 1285 2769 et
1328 2699 1640 2782 antidoto,
1699 2700 1808 2786 qui
1852 2705 2116 2770 uocatur
2159 2699 2523 2786 diospolitus
2564 2703 2633 2767 et
2680 2697 2857 2784 piper
2902 2715 3015 2784 per
3058 2715 3129 2766 se
3170 2697 3258 2766 da
3298 2697 3427 2765 illis

178 2803 188 2816 ’
246 2828 388 2878 cum
435 2809 582 2876 uino
628 2811 742 2876 aut
783 2826 926 2875 cum
970 2826 1138 2891 aqua
1153 2857 1170 2890 ,
1216 2813 1522 2893 quantum
1564 2807 1745 2877 solidi
1785 2806 1911 2877 duo
1954 2812 2252 2892 pensant,
2298 2813 2366 2876 et
2405 2810 2569 2876 aeut
2604 2803 2877 2882 ,diximus
2890 2855 2908 2886 ‚
2966 2803 3177 2873 omnia
3217 2803 3429 2873 calida

245 2934 502 2985 secunus
545 2915 710 2982 dona
753 2913 865 2982 eis.
958 2911 1032 3000 (f.
1079 2913 1242 2997 ὅδ’).

457 3125 685 3198 GVRA
731 3123 1139 3196 SVNAGVS.
1229 3126 1392 3210 Quia
1435 3126 1734 3208 diximus,
1780 3144 1918 3196 esse
1961 3130 2111 3195 nato
2153 3145 2233 3195 ex
2276 3124 2610 3212 sanguine,
2672 3129 2742 3193 et
2780 3142 2857 3193 ex
2902 3117 3035 3210 ips'o
3076 3141 3427 3208 eognuseas

197 3273 200 3279 ·
246 3235 326 3306 do
370 3236 548 3306 febre
589 3256 714 3305 non
756 3234 1086 3318 declinata,
1132 3254 1298 3321 qnae
1340 3255 1538 3320 usque
1579 3236 1844 3323 septimo
1872 3233 1994 3316 die.
2038 3239 2105 3304 et
2132 3234 2348 3305 urinas
2376 3231 2651 3321 ipsorum
2679 3235 2827 3303 sunt
2854 3229 3067 3301 rubios
3094 3235 3163 3300 et
3188 3227 3427 3316 spissas
3465 3253 3547 3312 ει

245 3349 314 3413 ει
355 3343 660 3430 sanguine
701 3342 964 3426 similes;
1010 3347 1076 3409 et
1119 3360 1316 3410 uenas
1359 3361 1577 3411 eorum
1621 3341 1863 3426 plenas,
1926 3339 2115 3409 facies
2174 3340 2384 3437 rubiag
2469 3339 2538 3408 Si
2581 3338 2771 3408 fuerit
2814 3338 3054 3407 iuuenis
3098 3343 3311 3406 aetate
3354 3342 3429 3404 et

245 3451 412 3520 bora·
445 3449 770 3534 permittit,
818 3455 884 3518 et
927 3449 1160 3518 uideris
1205 3449 1329 3518 ista
1368 3449 1596 3529 omnia,
1641 3449 1909 3534 septima
1950 3445 2053 3516 die
2096 3445 2395 3516 fleutoma
2414 3466 2579 3516 euni.
2625 3448 2694 3515 ot
2734 3445 2786 3514 si
2816 3463 2937 3514 non
2968 3443 3205 3524 suffert,
3250 3441 3423 3512 uicto

247 3555 476 3644 suptile
517 3554 602 3625 da
644 3554 722 3638 ei,
770 3554 932 3626 siout
973 3559 1072 3626 εει
1114 3553 1375 3644 siliginis
1419 3560 1534 3651 aut
1573 3553 1779 3626 tisana
1820 3571 1965 3624 oum
2008 3570 2175 3638 aqua
2218 3553 2393 3624 bone.
2420 3555 2599 3624 oocta
2640 3556 2711 3622 et
2750 3549 3060 3620 modicum
3094 3549 3248 3631 sale,
3292 3547 3427 3618 lae-

251 3669 421 3745 tuoa,
473 3663 625 3743 sale,
670 3682 882 3748 pusca,
929 3661 1262 3748 atripnees,
1309 3663 1494 3744 bitas,
1539 3662 1890 3732 oocurbitas
1931 3663 2000 3729 et
2041 3679 2209 3744 aqua
2252 3657 2483 3747 frigida
2538 3658 2623 3730 da
2670 3658 2761 3728 eis
2804 3657 3027 3730 bibite.
3113 3657 3203 3727 Et
3222 3675 3425 3741 usque

247 3788 372 3856 quo
429 3768 702 3838 absoluit
759 3767 982 3852 febris,
1042 3769 1190 3838 uino
1249 3767 1376 3837 noli
1437 3768 1529 3838 eis
1583 3768 1758 3837 (lare.
1876 3767 1974 3834 De
2028 3765 2388 3842 uolatilibus
2442 3765 2634 3835 debet
2690 3764 3071 3834 manducare
3127 3763 3419 3844 fasianos,
3462 3783 3545 3838 oo

250 3876 452 3961 pullos
493 3875 769 3959 iuuenes,
816 3877 1118 3960 perdices,
1164 3877 1449 3958 merolus,
1495 3877 1732 3958 turdos,
1779 3879 2069 3956 tortores,
2115 3872 2428 3959 pipionos;
2474 3873 2557 3947 de
2597 3873 2870 3959 piscibus
2911 3889 3064 3940 nero
3080 3922 3099 3953 ‚
3150 3873 3423 3954 quantos

223 3981 491 4052 iuuenis
505 4033 524 4064 ‚
569 3981 679 4067 qui
708 3982 888 4052 albas
918 3981 992 4068 (ι’.
1023 3982 1164 4068 85⁸)
1195 4002 1419 4053 earnes
1459 3985 1528 4052 ot
1569 3982 1785 4052 molles
1827 3979 2202 4050 naturaliter
2244 3979 2502 4062 babent,
2547 3999 2672 4051 non
2715 3978 2948 4062 dui-0⁸3
2993 3975 3105 4047 sed
3134 3971 3424 4044 liuniales'

252 4086 452 4170 pisoes
496 4087 581 4155 da
623 4087 716 4155 eis
757 4105 1036 4157 securus.
2800 4135 2807 4143 .

345 4317 358 4330 ·
464 4297 912 4368 nanneno
939 4259 1266 4383 'simplices
1321 4303 1626 4368 nonaum
1681 4299 1921 4378 roura,
1967 4297 2144 4378 siout
2184 4297 2342 4366 «uzu
2382 4295 2743 4382 rmum..
2788 4314 2906 4384 pm
2944 4313 3040 4375 ω,
3084 4293 3251 4378 quod
3290 4313 3423 4363 m

252 4401 489 4472 fiuntur
543 4422 623 4472 ex
677 4404 941 4473 humore
995 4404 1392 4493 generaliter.
1495 4401 1826 4474 Contraria
1877 4401 2207 4473 eontrariis
2265 4399 2591 4473 medicina.
2692 4400 2867 4489 Ergo
2921 4401 2976 4470 si
3032 4397 3224 4470 fuet-it
3279 4399 3427 4486 ipsa
3465 4421 3545 4481 ιι

254 4507 450 4578 febris
489 4526 570 4615 ex
613 4509 1049 4594 amaritudine,
1096 4509 1397 4598 gaudium
1437 4515 1538 4579 est
1579 4509 1903 4580 medicina.
1985 4505 2256 4596 Eligam
2298 4507 2577 4578 medicus
2628 4507 2877 4595 ingenio
2916 4505 3197 4578 faciendo
3238 4505 3429 4576 laeti·

409 4719 416 4726 ·
471 4733 490 4748 0
535 4745 540 4750 .
553 4735 603 4760 v
