3634 4992
3340 301 3425 370 17

465 502 928 572 xx1111.DE
975 503 1299 573 GAVSOS
1345 449 1955 574 PESTILnNTIAE.

467 614 565 680 Ex
623 612 859 679 morbis
916 631 1272 680 communes
1329 617 1672 680 nascuntur
1729 612 2184 698 aegritudines;
2243 614 2405 681 sieut
2459 613 2823 680 natiuitates
2864 613 3191 694 dibcrsae,
3246 615 3336 681 sic
3374 620 3436 680 et

259 723 414 791 uitia
457 719 919 806 aegritudinum
977 721 1321 786 nascuntur
1375 737 1753 787 commtmes.
1844 719 2271 788 communiter
2326 719 2489 787 enim
2546 719 2835 787 omnibus
2890 718 3249 787 hominibus
3306 739 3432 787 cor-

255 835 478 914 ruptus
522 846 633 894 aer
677 831 941 911 generat
982 825 1229 909 fruges:
1277 826 1448 893 cibos
1491 824 1766 914 efficiunt
1809 825 2025 893 malos.
2117 827 2491 894 Goinmunes
2520 831 2731 893 autem
2763 826 3211 910 aegritudines,
3250 845 3433 910 quam

255 936 444 1006 Greci
503 934 850 1020 pandemus
895 931 1216 1018 appellant
1261 931 1335 1018 (f.
1387 939 1468 1000 10
1470 931 1558 1017 ⁶),
1617 905 1782 1000 idest
1828 931 2025 1000 omnis
2068 931 2333 1018 populus
2378 931 2560 1001 simili
2604 939 2914 1000 uexantur
2958 933 3429 1020 aegritudinem.
3460 953 3492 1007 ⁶

258 1046 632 1113 Communes
677 1039 1102 1123 aegritudines
1147 1045 1214 1106 et
1257 1058 1424 1121 aqua
1465 1039 1634 1106 mala
1676 1039 1907 1123 frigida
1952 1046 2099 1122 pota
2144 1039 2317 1122 plus,
2374 1059 2564 1122 quam
2608 1040 2770 1106 ratio
2814 1041 3109 1122 postulat,
3155 1047 3427 1124 generat.

258 1149 346 1218 Et
401 1148 649 1216 lauores
707 1144 1050 1214 inconsueti
1106 1149 1174 1212 et
1229 1145 1492 1230 penuria
1548 1149 1616 1213 et
1670 1144 1989 1230 superflua
2043 1143 2323 1214 ciborum
2382 1145 2660 1230 acceptio
2716 1148 2785 1212 et
2840 1145 3163 1230 regionum
3210 1151 3431 1214 natura

258 1273 616 1323 communes
673 1252 992 1334 passiones
1048 1249 1338 1318 inserent.
1428 1251 1554 1318 Sed
1612 1257 1680 1318 et
1736 1252 2122 1334 paludestria
2158 1251 2313 1318 loca
2369 1251 2471 1318 uel
2528 1269 2806 1318 concaua
2858 1250 3012 1319 locis
3068 1253 3305 1334 posita,
3362 1272 3433 1319 ex

259 1361 487 1446 quibus
530 1376 882 1427 uenenosae
926 1357 1272 1425 ascendunt
1311 1355 1593 1428 nebulae.
1685 1357 1861 1425 Haec
1903 1375 2071 1443 ergo,
2118 1376 2283 1441 quae
2324 1355 2610 1436 diximus,
2656 1356 2867 1424 onmia
2910 1375 3031 1424 non
3079 1356 3433 1441 frequenter
3546 1357 3556 1364 '

229 1466 463 1533 ‘solent
505 1465 783 1531 euenire.
874 1463 1038 1529 Nam
1098 1481 1319 1529 aerum
1369 1464 1705 1547 qualitates
1760 1463 1814 1529 si
1872 1463 2299 1546 distemperati
2343 1461 2576 1528 fuerint
2620 1460 2981 1544 frequenter
3023 1463 3085 1529 in
3130 1464 3429 1541 omnibus,
3468 1483 3525 1534 ιο

262 1575 507 1639 mutata
563 1588 784 1637 aerum
842 1569 1258 1654 temperantia
1314 1574 1620 1654 generant
1677 1569 1995 1654 passiones
2048 1587 2161 1639 seu
2218 1567 2477 1636 calidior
2532 1565 2675 1652 plus
2719 1586 2761 1633 a
2804 1572 3033 1636 natura
3076 1565 3283 1635 factus
3327 1574 3432 1636 aut

261 1679 545 1746 siccidior
589 1682 703 1744 aut
745 1676 1032 1761 frigidior
1074 1681 1188 1743 aut
1229 1683 1400 1744 certe
1443 1676 1785 1744 humidior:
1836 1677 1924 1744 sie
1965 1675 2243 1744 inferunt
2284 1675 2533 1761 morbos
2576 1679 2645 1741 et
2670 1673 2829 1753 ideo,
2875 1693 3000 1756 que
3029 1694 3249 1741 aerum
3280 1675 3432 1741 ratio

260 1783 566 1852 inbaserit
609 1801 842 1849 annum
855 1833 873 1862 ,
934 1781 988 1848 si
1031 1780 1348 1865 sapienter
1391 1801 1433 1848 a
1474 1781 1654 1848 nobis
1696 1786 2027 1848 seruentur
2042 1833 2058 1860 ,
2118 1786 2193 1847 ut
2246 1779 2563 1847 contraria
2618 1777 2946 1845 contrariis
3000 1777 3429 1859 adhibeantur,

262 1889 428 1957 idest
469 1887 673 1957 calida
717 1887 960 1972 frigidis
1005 1891 1435 1971 temperentur
1477 1892 1545 1953 et
1587 1886 1820 1972 frigida
1861 1887 2097 1967 calidis,
2144 1887 2311 1953 sicca
2354 1884 2625 1952 humidis
2670 1889 2738 1950 et
2788 1884 3045 1952 humida
3088 1885 3266 1952 siccis
3308 1885 3433 1968 pla·

263 2000 515 2075 centur,
577 2013 767 2062 sanus
824 1993 1010 2062 homo
1065 1993 1298 2078 poterit
1353 2009 1741 2076 permanere.
1805 1992 1995 2060 'Nam
2056 1996 2123 2060 et
2163 1991 2447 2060 otiositas
2496 1996 2565 2058 et
2606 1990 2889 2059 ciborum
2931 1989 3327 2075 superfluitas
3368 1995 3435 2057 et.
3468 2007 3521 2062 15

173 2183 180 2194 ι
263 2102 528 2187 penuria
569 2101 672 2168 uel
717 2101 1003 2168 uelamen
1061 2099 1576 2168 uestimentorum
1593 2149 1610 2178 ,
1671 2099 1810 2182 quis
1867 2099 2131 2165 multum
2162 2116 2261 2166 se
2316 2095 2646 2164 calefaciat
2682 2102 2769 2164 ·et
2822 2097 3051 2165 nimius
3093 2096 3329 2181 frigdor
3374 2103 3437 2163 et

264 2207 502 2276 multae
543 2207 824 2292 potiones
867 2212 936 2274 et
975 2205 1204 2275 nimius
1245 2205 1426 2274 labor
1468 2211 1535 2273 et
1576 2205 1746 2290 potio
1789 2205 1994 2273 minus
2037 2209 2296 2289 accepta
2337 2207 2405 2272 et
2448 2203 2531 2270 ad
2572 2203 2779 2289 ignem
2810 2201 3067 2281 nimium
3095 2203 3238 2289 quis
3276 2201 3437 2271 cale-

150 2333 156 2340 ·
265 2313 490 2383 factus.
583 2315 707 2382 Sed
751 2315 935 2382 eitius
979 2313 1061 2380 de
1101 2312 1200 2380 his
1243 2313 1382 2382 aliis
1398 2363 1413 2393 ,
1475 2331 1639 2396 quae
1681 2311 1853 2380 dicta
1894 2316 2067 2391 sunt,
2128 2329 2241 2378 aer
2284 2310 2579 2380 humidus
2620 2316 2911 2395 superat,
2970 2328 3159 2393 quam
3204 2309 3440 2378 calidus

264 2427 332 2488 et
372 2421 588 2502 siccus,
636 2419 1164 2505 quemadmodum
1209 2418 1442 2488 factum
1489 2417 1772 2487 referunt
1815 2418 1879 2485 in
1924 2435 2079 2502 agro
2126 2415 2581 2504 Agragantino.

477 2635 680 2704 XXV.
771 2632 977 2702 RVFI
1022 2632 1446 2704 Avc‘roms
1494 2633 1610 2701 DE
1655 2625 2249 2701 PESTILENTIA.
2352 2691 2361 2699 .
3464 2647 3523 2701 ao

475 2742 703 2810 Omnia
745 2741 906 2808 fiunt
949 2741 1013 2807 in
1057 2741 1413 2824 pestilentia
1454 2740 1706 2824 pessimi
1749 2757 1933 2806 casus
1969 2756 2086 2822 per
2110 2737 2393 2820 singulas
2422 2737 2862 2821 aegritudines,
2908 2754 3067 2819 quas
3095 2736 3435 2818 patiuntur.

266 2847 428 2916 Sunt
483 2846 649 2915 enim
707 2846 1110 2916 alienationes
1169 2851 1236 2916 et
1292 2845 1610 2915 cholerum
1667 2845 1938 2915 uomitus
1992 2849 2061 2912 et
2119 2843 2628 2928 praecordiorum
2694 2841 3004 2910 tensiones
3068 2847 3135 2909 ct
3199 2841 3437 2910 dolores

264 2955 616 3023 membrum
661 2958 728 3021 et
770 2955 1033 3022 sudores
1073 2951 1255 3020 multi
1299 2954 1400 3021 uel
1447 2951 1755 3038 frigdores
1797 2957 2219 3020 extremarum
2264 2951 2540 3036 partium
2584 2955 2651 3017 et
2694 2949 2929 3017 diarria
2962 2947 3272 3016 cholerica
3298 2967 3437 3032 sup·

266 3061 394 3130 tilis
449 3082 591 3132 cum
649 3061 1050 3133 uentositate.
1141 3047 1408 3131 Urinam
1465 3080 1618 3130 uero
1675 3060 1915 3129 habent
1956 3076 2258 3143 aquosam
2302 3057 2597 3144 suptilem
2639 3053 3009 3126 cholericam
3053 3061 3121 3124 et
3162 3054 3435 3141 nigranu
3520 3105 3527 3116 .
3609 3135 3610 3138 Ἴ

267 3169 584 3254 ypostasin
627 3185 781 3235 uero
825 3167 1064 3236 habent
1106 3167 1338 3236 malam
1383 3165 1458 3253 (f.
1509 3165 1645 3249 11⁸)
1691 3171 1758 3233 et
1800 3165 2224 3232 aneurismata
2267 3165 2539 3250 pessima
2552 3214 2571 3245 ,
2630 3161 2947 3248 sanguinis
2988 3181 3028 3229 e
3070 3161 3328 3230 naribus
3370 3160 3439 3226 iit
3466 3175 3525 3230 εδ

267 3275 610 3358 distillatio,
657 3294 882 3344 cauma
923 3280 1024 3344 est
1065 3273 1130 3342 in
1175 3274 1434 3343 thorace
1477 3279 1544 3342 et
1584 3273 1800 3360 lingua
1842 3271 2164 3353 conbusta,
2211 3271 2368 3354 sitis,
2415 3269 2699 3352 defectio,
2746 3268 3165 3349 insomnietas,
3209 3265 3439 3352 spasmi

268 3381 542 3464 uiolenti,
591 3387 658 3449 et
700 3381 826 3450 alia
869 3381 1071 3449 multa
1112 3381 1283 3449 mala
1324 3381 1667 3474 patiuntur,
1715 3379 1878 3447 idest
1917 3377 2331 3446 ulcerationes
2377 3378 2799 3447 membrorum
2844 3380 2911 3444 et
2953 3375 3159 3444 bullas
3210 3379 3277 3442 et
3318 3375 3437 3442 uis-
3526 3451 3533 3456 ,

269 3490 430 3557 sicas
476 3489 787 3573 malignas
827 3475 894 3556 et
936 3487 1350 3556 caruunc‘ulos
1393 3485 1744 3571 pestiferos.
1836 3485 1997 3552 Nam
2042 3485 2095 3552 si
2140 3485 2282 3569 quis
2326 3483 2697 3568 praeuideat
2723 3482 2999 3552 futuram
3028 3480 3438 3564 pestilentiam

270 3598 338 3663 et
378 3593 682 3661 adtendat
725 3592 808 3659 ad
851 3597 1137 3678 tempora
1179 3591 1326 3660 anni
1368 3590 1539 3660 mala
1580 3589 1986 3658 consistentes
2027 3589 2129 3656 uel
2175 3587 2369 3674 ipsius
2400 3588 2546 3656 anni
2575 3586 2961 3672 qualitatem,
3006 3590 3075 3652 et
3098 3589 3252 3653 tunc
3276 3583 3441 3651 dieta

273 3701 668 3771 obseruando
709 3718 900 3769 sanus
943 3699 1176 3785 poterit
1217 3717 1620 3784 permanere,
1667 3702 1742 3766 ut
1783 3703 1969 3783 puta,
2015 3696 2071 3764 si
2114 3701 2363 3781 tempus
2406 3695 2606 3765 siccus
2649 3692 2868 3776 fuerit,
2915 3691 3186 3762 humidis
3230 3695 3443 3758 utatur
3469 3707 3529 3762 ω

272 3807 483 3887 rebus,
536 3803 644 3892 [si]
692 3805 938 3873 siccitas
996 3804 1266 3872 humidis
1308 3808 1383 3871 ut
1424 3803 1823 3884 infundatur,
1884 3801 1937 3870 si
1980 3800 2272 3868 humidus
2316 3800 2401 3868 sit
2442 3805 2710 3884 tempus,
2756 3798 2935 3867 siccis
2976 3801 3195 3866 utatur
3236 3797 3438 3872 rebus,

271 3917 348 3981 ut
404 3913 630 3981 humor
683 3911 822 3993 ille,
881 3911 990 3995 qui
1045 3911 1301 3992 crescit,
1360 3914 1784 3978 consumatur.
1875 3905 2271 3975 Prouidenda
2313 3911 2461 3974 sunt
2510 3905 2701 3974 etiam
2746 3909 2814 3974 et
2854 3903 3092 3972 uentris
3133 3899 3439 3987 purgatio.

275 4017 516 4099 Quibus
573 4035 724 4086 uero
781 4015 1065 4102 superior
1123 4020 1345 4085 uenter
1401 4013 1631 4101 flegma
1689 4013 1939 4100 plenus,
1998 4029 2114 4097 per
2175 4010 2478 4078 uomitum
2536 4014 2636 4078 est
2688 4008 3074 4096 purgandus.
3160 4004 3340 4088 Quod
3388 3993 3440 4072 si

277 4124 533 4208 sanguis
585 4123 1128 4208 superhabundat,
1187 4121 1556 4191 fleuotomus
1613 4126 1713 4189 est
1767 4116 2181 4186 adhibendus.
2270 4118 2449 4186 Bona
2502 4124 2602 4185 est
2654 4117 2847 4184 etiam
2902 4121 2971 4184 et
3009 4115 3065 4182 si
3105 4132 3221 4198 per
3262 4111 3440 4180 urina

488 4375 771 4443 uquam
793 4371 1171 4440 omnigeno-r.
1207 4383 1697 4426 mamm
1766 4359 3207 4435 alammmacuoumpmmunndm·
3272 4356 3435 4413 aaa

279 4456 895 4534 mrywmmslx
927 4455 1352 4515 Notnomitnm
1421 4449 2233 4525 uinmmwmalx
2266 4447 2789 4509 Nottlobotomism
3232 4535 3269 4589 Β
