3634 4992
185 467 230 574 .-
307 475 364 547 8

157 705 162 710 ·
303 683 432 743 ant
475 675 694 744 uiridis
737 681 850 742 sut
891 674 1133 743 uiscosa
1175 679 1242 741 et
1285 673 1559 766 rotunda
1597 679 1668 742 et
1709 673 1919 741 adhuc
1960 673 2177 758 nigra,
2235 671 2439 758 magis
2496 673 2656 741 haec
2696 673 3005 756 pessimae
3045 677 3195 739 sunt
3237 677 3493 755 praeter

301 780 746 867 sanguineam.
832 777 1000 848 Nam
1059 778 1163 847 alii
1226 779 1519 848 humores
1577 778 1979 863 intemperati
2036 782 2189 847 sunt
2241 778 2355 846 tali
2405 778 2611 846 colore
2652 783 2719 845 et
2760 777 3095 862 pessimam
3138 775 3495 861 significant
3567 775 3575 782 ’

301 887 668 972 passionem
712 904 790 952 ex
833 883 1234 952 calefactione
1277 883 1567 953 flammeo
1609 884 1840 953 ardore
1886 891 2209 969 generata.
2279 885 2639 970 Sanguinea
2680 903 2833 952 uero
2876 888 2945 951 et
2984 881 3343 968 flegmatica
3384 900 3491 948 ex-

299 997 685 1078 putamenta
725 991 1070 1061 mediocres
1111 997 1260 1059 sunt
1302 997 1370 1059 et
1413 990 1697 1060 leuiores.
1771 991 1952 1071 Quae
1995 994 2202 1058 autem
2246 991 2329 1058 de
2370 988 2553 1058 flauis
2596 989 2951 1059 choleribus
2994 992 3335 1073 generatur
3378 992 3494 1054 aut

223 1115 264 1169 s
301 1099 532 1186 nigris,
578 1098 849 1182 pessima
890 1101 1008 1167 est.
1098 1096 1458 1166 Adtendere
1523 1101 1732 1165 autem
1798 1099 2049 1181 oportet
2112 1101 2179 1163 et
2244 1114 2571 1164 ascensum
2635 1095 2913 1162 humoris
2973 1093 3057 1180 (f.
3104 1092 3207 1177 3⁸)
3273 1092 3486 1175 ipsius,

301 1203 628 1286 quomodo
680 1202 1002 1285 proicitur.
1093 1201 1160 1268 Si
1205 1203 1378 1270 enim
1425 1203 1606 1270 facile
1661 1207 1971 1286 expuunt,
2031 1201 2361 1271 manifeste
2414 1203 2577 1271 taloe
2631 1208 2898 1286 exputus
2950 1201 3182 1270 bonum
3240 1199 3488 1285 signum

302 1313 435 1376 est.
523 1309 660 1388 Quo
702 1311 916 1375 autem
959 1307 1302 1389 contraria,
1349 1306 1618 1390 pessima
1659 1311 1827 1374 sunt.
1914 1306 2225 1380 Perfecta·
2268 1306 2435 1374 enim
2500 1311 2649 1374 sunt
2712 1304 3074 1392 digestionis
3140 1305 3350 1389 signa:
3424 1303 3485 1370 id

301 1409 484 1492 quod
527 1415 824 1493 expuunt,
869 1415 970 1476 est
1009 1411 1166 1477 lenis
1208 1417 1276 1476 et
1318 1411 1498 1479 albus
1543 1415 1610 1476 et
1651 1411 1930 1492 aequalis
1972 1417 2040 1477 ot
2082 1413 2520 1479 constitutione
2562 1430 2766 1494 nequo
2792 1409 3065 1494 liquidus
3102 1408 3257 1478 satis
3284 1428 3489 1493 neque

203 1557 212 1566 -
303 1515 586 1600 pinguis.
677 1514 942 1586 Omnino
987 1519 1199 1586 sutem
1243 1513 1553 1602 indigesta
1593 1517 1739 1583 sunt
1753 1566 1770 1599 ,
1827 1514 1994 1601 quod
2038 1533 2161 1584 non
2206 1512 2389 1584 facile
2431 1517 2549 1583 aut
2587 1513 2757 1583 nullo
2802 1512 2986 1581 modo
3029 1512 3215 1598 expui
3258 1515 3486 1596 potest.

195 1637 268 1690 io
303 1621 552 1702 Quodsi
594 1638 718 1689 non
763 1626 1043 1706 expuunt
1081 1623 1330 1707 nigrum
1345 1672 1362 1702 ,
1421 1621 1534 1687 sed
1590 1621 1796 1716 adhuc
1856 1623 2202 1706 indigestus
2257 1627 2357 1689 est
2370 1671 2387 1701 ,
2447 1615 2694 1689 constat
2750 1621 2957 1688 adbuc
3012 1619 3487 1705 indigestionem

305 1729 684 1796 absconsam
727 1747 886 1796 esso.
975 1727 1044 1797 Si
1086 1733 1298 1797 autem
1343 1727 1530 1795 uslde
1570 1727 1654 1794 sit
1696 1725 1957 1794 roheum
2000 1732 2116 1796 aut
2158 1726 2414 1814 flabum,
2472 1744 2594 1794 non
2639 1726 2874 1795 bonum
2918 1725 3163 1811 signum
3208 1729 3327 1792 est.
3417 1723 3485 1793 Si

305 1839 521 1902 nutem
565 1833 762 1904 libido
802 1839 919 1903 aut
959 1835 1192 1918 uirides
1235 1839 1347 1901 aut
1388 1833 1591 1919 nigra,
1637 1831 1826 1900 ualde
1866 1834 2139 1918 pessima
2180 1838 2349 1902 sunt.

531 2045 640 2122 VI.
731 2043 988 2112 SIGNA
1034 2043 1516 2114 EFEMERVM
1561 2045 1970 2112 FEBRIVM.
2058 2044 2515 2114 GALIENVS.

527 2150 602 2218 In
641 2149 936 2218 efemeris
979 2149 1260 2237 febribus
1302 2151 1623 2237 proprium
1667 2157 1732 2218 ot
1775 2149 2193 2234 inseparabile
2234 2146 2483 2236 signum
2526 2155 2641 2232 est,
2704 2151 3029 2218 urinarum
3072 2149 3483 2234 digestionem

59 2333 66 2342 ‚
209 2272 274 2326 15
311 2256 379 2323 in
424 2255 562 2340 ipsa
604 2255 810 2341 prima
851 2256 956 2324 die
997 2257 1250 2338 habere,
1297 2262 1364 2324 ot
1404 2258 1538 2342 ipse
1580 2257 1750 2324 calor
1777 2257 1843 2323 in
1872 2257 2009 2324 istis
2040 2255 2320 2324 febribus
2350 2257 2557 2324 mitior
2584 2257 2921 2324 inuenitur.
2996 2257 3134 2325 Hoc
3161 2257 3482 2341 proprium

307 2369 383 2430 et
437 2363 854 2446 inseparabile
907 2363 1152 2448 signum
1208 2369 1324 2432 est.
1369 2371 1374 2374 ’
1427 2365 1516 2432 Et
1570 2369 1714 2448 post
1767 2363 2037 2448 primam
2095 2362 2453 2450 digestionis
2511 2362 2779 2432 febrium
2832 2369 3009 2432 certa
3050 2367 3151 2431 est
3190 2363 3480 2449 cognitio.

310 2466 540 2535 Pulsus
593 2467 832 2536 habent
885 2487 1008 2534 non
1065 2467 1252 2535 ualde
1307 2468 1643 2552 inoequales
1701 2473 1813 2536 aut
1872 2471 2155 2536 sordidos
2212 2473 2325 2535 aut
2379 2469 2655 2536 difficiles
2710 2476 2825 2536 aut
2880 2470 3071 2538 duros
3086 2521 3105 2550 ‚
3164 2471 3275 2538 sed
3333 2475 3484 2537 sunt

311 2575 546 2642 similes
587 2575 777 2644 sanis.
868 2575 992 2644 Sed
1035 2581 1104 2643 et
1144 2576 1262 2660 ipsi
1307 2576 1564 2645 sudores
1607 2575 1884 2662 corporis
1924 2595 2050 2645 non
2092 2595 2235 2645 cum
2278 2593 2517 2661 uapore
2559 2579 2707 2644 sunt
2748 2580 2863 2644 aut
2904 2575 3196 2644 acredine
3211 2626 3228 2659 ,
3275 2574 3479 2660 qualis

311 2684 411 2748 est
455 2678 752 2748 fumosus.
847 2680 962 2748 Isti
1005 2681 1170 2747 enim
1183 2731 1200 2760 ,
1246 2679 1354 2763 qui
1406 2679 1712 2748 efemeras
1766 2680 1976 2749 febres
2018 2682 2345 2764 patiuntur
2359 2731 2377 2762 ‚
2436 2683 2643 2748 calida
2698 2689 2765 2750 et
2806 2684 2973 2750 sicca
3015 2683 3285 2750 maximo
3326 2691 3477 2751 sunt

205 2799 280 2854 so
311 2785 730 2872 temperantis
769 2792 842 2855 et
878 2791 1080 2855 totum
1124 2807 1348 2872 corpus
1393 2788 1622 2856 ornaris
1665 2787 2021 2857 choleribus
2062 2788 2282 2872 plenus
2326 2806 2464 2857 esse
2504 2787 2776 2856 uidetur.

522 2925 896 2998 CVRATIO
939 2927 1422 2997 EFEMERVM
1469 2929 1877 2999 FEBRIVM.
1966 2929 2422 2998 GALIENVS.

521 3033 626 3099 nii
653 3051 853 3113 uero,
914 3034 1022 3116 qui
1065 3053 1144 3126 es
1186 3033 1405 3103 laboro
1448 3034 1752 3117 febriunt,
1811 3036 1949 3104 oleo
2005 3037 2396 3105 habundanti
2452 3037 2723 3104 molliter
2767 3036 3106 3121 perfricare
3148 3041 3215 3103 et
3256 3036 3477 3104 labare

307 3141 572 3221 oportet.
661 3137 782 3221 Qui
828 3147 980 3226 uero
1024 3138 1106 3208 de
1147 3140 1427 3210 siccitate
1468 3140 1763 3226 febriunt,
1809 3142 2130 3212 fricandus
2171 3149 2272 3211 est
2311 3143 2517 3210 minus
2532 3194 2548 3225 ,
2594 3141 2902 3209 leuandus
2920 3146 3157 3209 ‘autem
3202 3141 3473 3225 saepius.

310 3243 432 3323 Qui
475 3248 685 3312 autem
728 3263 806 3312 ex
848 3245 1323 3314 sollicitudinem
1366 3248 1646 3317 febriunt
1685 3254 1752 3318 et
1793 3249 2114 3317 tristitiam
2158 3254 2225 3318 et
2266 3251 2347 3318 de
2390 3249 2885 3318 insomnietatem
2915 3253 2982 3320 et
3008 3247 3304 3330 furorem,
3350 3268 3473 3318 non

209 3359 276 3418 π
311 3346 670 3434 frequenter
725 3349 945 3420 lauare
1003 3350 1077 3438 (f.
1126 3351 1242 3436 3⁸),
1301 3354 1412 3422 sed
1469 3352 1605 3422 oleo
1659 3373 1782 3424 non
1842 3355 2040 3422 multo
2098 3359 2168 3422 et
2223 3355 2433 3440 tepido
2487 3354 2729 3422 modice
2784 3356 3014 3423 mixtus
3068 3355 3317 3440 stiptico
3358 3375 3475 3424 nec
3564 3369 3569 3376 ·

310 3453 505 3521 multo
549 3453 810 3523 fricandi
853 3461 1020 3524 sunt.
1108 3460 1230 3537 Qui
1273 3465 1485 3527 autem
1528 3481 1605 3528 ex
1649 3463 1858 3530 calore
1902 3461 2047 3529 solis
2090 3461 2279 3531 nimio
2322 3460 2616 3542 febriunt,
2664 3477 2807 3530 mox
2850 3461 2915 3529 in
2957 3461 3258 3547 principio
3300 3460 3473 3550 frigi·
3590 3463 3592 3552 j

310 3557 405 3628 dis
445 3557 707 3630 curandi
765 3565 914 3631 sunt
968 3566 1036 3630 et
1089 3561 1381 3632 balneum
1437 3565 1633 3633 uteris
1689 3565 2189 3648 habundantius,
2250 3567 2456 3635 minus
2509 3565 2761 3651 quidem
2815 3567 2951 3634 oleo
2993 3570 3061 3634 et
3101 3565 3470 3634 frictionem.
3590 3575 3592 3602 ³

309 3665 548 3734 Roseus
603 3667 768 3734 enim
825 3668 1000 3736 olens
1056 3670 1140 3737 ad
1194 3669 1659 3756 infrigdandum
1691 3662 1839 3742 'erit
1894 3673 2286 3744 adhibendus
2340 3679 2455 3742 aut
2508 3672 2851 3744 omfacinus
2892 3672 3027 3743 sine
3069 3671 3203 3743 sale
3223 3671 3469 3758 factus.
3590 3697 3592 3748 ε

309 3769 663 3858 Infrig'dare
704 3777 916 3842 autem
957 3775 1161 3860 ipsum
1203 3776 1409 3845 oleum
1450 3781 1700 3863 oportet
1739 3778 2076 3864 inpositum
2120 3779 2185 3846 in
2227 3798 2394 3864 aqua
2436 3778 2667 3866 frigida
2710 3784 2824 3848 sut
2862 3779 3011 3848 niue
3051 3783 3119 3847 et
3158 3779 3251 3846 sic
3288 3799 3367 3846 ex
3394 3798 3470 3847 eo
3590 3799 3592 3832 ³

215 3883 280 3942 to
310 3873 722 3945 lnftmdendus
777 3882 877 3948 est
931 3885 1122 3966 caput
1173 3899 1315 3976 cum
1359 3882 1508 3952 lana
1560 3884 1766 3952 infusa
1808 3888 1877 3952 et
1917 3885 2237 3970 bregmati
2273 3885 2683 3970 superposita.
2770 3885 3139 3954 Instillamlo
3163 3885 3469 3969 paulatim
3589 3891 3592 3976 ζ

309 3981 444 4050 boc
483 4001 684 4068 usque
727 3985 811 4054 ad
851 3985 1325 4057 declinationem
1369 3987 1735 4059 'faciendum
1791 3994 1892 4060 est
1944 3994 2012 4058 et
2066 3991 2157 4060 sic
2197 3990 2515 4061 ducendus
2566 3996 2667 4061 est
2707 3991 2791 4060 ad
2831 3988 3148 4059 balneum.
3235 3988 3470 4072 Quodsi
3584 3981 3593 4066 ἶ

309 4085 387 4154 de
427 4083 705 4173 frigdore
747 4088 972 4174 aliquis
1014 4090 1264 4175 febriat,
1311 4095 1394 4162 ad
1436 4096 1731 4164 'oslneum
1774 4097 2005 4164 ducere
2047 4098 2112 4164 in
2146 4097 2555 4166 declinatione
2582 4097 2859 4166 febrium·
2879 4099 3147 4180 oportet.
3235 4095 3470 4176 Quodsi

244 4241 251 4248 .
309 4196 559 4262 cataros
600 4191 790 4264 fuerit
829 4197 1217 4281 subsecutus,
1261 4220 1385 4270 non
1427 4201 1619 4285 lohet,
1664 4207 2003 4288 antequam
2046 4207 2299 4274 catarus
2328 4203 2685 4291 digeratur.
2777 4200 2847 4271 Sl
2888 4204 3099 4269 autem
3140 4218 3221 4269 ex
3260 4199 3470 4270 calore
3578 4279 3580 4282 Α

311 4293 498 4365 fuerit
537 4295 810 4382 cataras,
852 4301 1028 4370 labet
1069 4302 1149 4372 do
1190 4307 1513 4390 praesenti
1525 4307 1592 4376 in
1633 4307 1862 4376 balneo
1902 4314 1972 4377 ot
2011 4313 2203 4394 caput
2241 4311 2527 4395 utrisque
2566 4309 2951 4445 infundatur,
2995 4305 3469 4394 quibmiflfflss·
3502 4407 3505 4412 ¹
3578 4327 3580 4334 ‘

519 4509 645 4581 Vq.
677 4515 860 4568 sntsn
936 4514 1004 4568 16
1037 4510 1290 4587 febrium]
1341 4517 1631 4578 Antehac
1671 4504 3467 4667 mundo-mmmmmpsrhplopnphfom
3572 4605 3574 4607 ¹

316 4595 798 4670 lvpoluumm·
832 4597 1011 4663 febres
1077 4604 1618 4679 mirabundo-reios
1684 4611 1993 4682 ποιῶ-ξ-
2056 4615 2395 4689 ”pr-enti
