<?xml version="1.0" encoding="UTF-8"?>
<!DOCTYPE html PUBLIC "-//W3C//DTD XHTML 1.0 Transitional//EN"
    "http://www.w3.org/TR/xhtml1/DTD/xhtml1-transitional.dtd">
<html xmlns="http://www.w3.org/1999/xhtml" xml:lang="en" lang="en">
 <head>
  <title>
</title>
<meta http-equiv="Content-Type" content="text/html;charset=utf-8" />
  <meta name='ocr-system' content='tesseract 3.04.00' />
  <meta name='ocr-capabilities' content='ocr_page ocr_carea ocr_par ocr_line ocrx_word'/>
</head>
<body>
  <div class='ocr_page' id='page_1' title='image "./hermannihagenid00hagegoog_0045.png"; bbox 0 0 3634 4992; ppageno 0'>
   <div class='ocr_carea' id='block_1_1' title="bbox 137 203 208 274">
    <p class='ocr_par' dir='ltr' id='par_1_1' title="bbox 137 203 208 274">
     <span class='ocr_line' id='line_1_1' title="bbox 137 203 208 274; baseline -0.014 0"><span class='ocrx_word' id='word_1_1' title='bbox 137 203 208 274; x_wconf 80' lang='lat'><strong>14</strong></span> 
     </span>
    </p>
   </div>
   <div class='ocr_carea' id='block_1_2' title="bbox 119 377 3275 707">
    <p class='ocr_par' dir='ltr' id='par_1_2' title="bbox 119 377 3275 707">
     <span class='ocr_line' id='line_1_2' title="bbox 121 377 3271 488; baseline -0.003 -13"><span class='ocrx_word' id='word_1_2' title='bbox 121 408 360 476; x_wconf 84' lang='lat' dir='ltr'><strong>multmn</strong></span> <span class='ocrx_word' id='word_1_3' title='bbox 415 405 648 474; x_wconf 86' lang='lat' dir='ltr'><strong>durant</strong></span> <span class='ocrx_word' id='word_1_4' title='bbox 703 404 768 471; x_wconf 84' lang='lat' dir='ltr'><strong>in</strong></span> <span class='ocrx_word' id='word_1_5' title='bbox 823 407 1159 488; x_wconf 79' lang='lat' dir='ltr'><strong>augmento</strong></span> <span class='ocrx_word' id='word_1_6' title='bbox 1215 399 1534 485; x_wconf 83' lang='lat' dir='ltr'><strong>temporis.</strong></span> <span class='ocrx_word' id='word_1_7' title='bbox 1624 397 1750 468; x_wconf 87' lang='lat' dir='ltr'><strong>Sed</strong></span> <span class='ocrx_word' id='word_1_8' title='bbox 1808 415 2015 484; x_wconf 80' lang='lat' dir='ltr'><strong>neque</strong></span> <span class='ocrx_word' id='word_1_9' title='bbox 2065 379 2245 467; x_wconf 70' lang='lat' dir='ltr'><strong>febre</strong></span> <span class='ocrx_word' id='word_1_10' title='bbox 2270 435 2277 480; x_wconf 90' lang='lat'><strong>·.</strong></span> <span class='ocrx_word' id='word_1_11' title='bbox 2288 377 2714 468; x_wconf 80' lang='lat' dir='ltr'><strong>accenduntur</strong></span> <span class='ocrx_word' id='word_1_12' title='bbox 2755 414 2961 482; x_wconf 86' lang='lat' dir='ltr'><strong>neque</strong></span> <span class='ocrx_word' id='word_1_13' title='bbox 3006 393 3271 465; x_wconf 85' lang='lat' dir='ltr'><strong>multum</strong></span> 
     </span>
     <span class='ocr_line' id='line_1_3' title="bbox 121 504 3275 599; baseline -0.004 -15"><span class='ocrx_word' id='word_1_14' title='bbox 121 519 214 584; x_wconf 85' lang='lat' dir='ltr'><strong>aut</strong></span> <span class='ocrx_word' id='word_1_15' title='bbox 253 513 516 599; x_wconf 87' lang='lat' dir='ltr'><strong>spissum</strong></span> <span class='ocrx_word' id='word_1_16' title='bbox 560 511 855 580; x_wconf 83' lang='lat' dir='ltr'><strong>anelitum</strong></span> <span class='ocrx_word' id='word_1_17' title='bbox 901 509 1139 580; x_wconf 83' lang='lat' dir='ltr'><strong>ducunt</strong></span> <span class='ocrx_word' id='word_1_18' title='bbox 1181 512 1295 578; x_wconf 87' lang='lat' dir='ltr'><strong>aut</strong></span> <span class='ocrx_word' id='word_1_19' title='bbox 1324 510 1642 576; x_wconf 83' lang='lat' dir='ltr'><strong>reuocant.</strong></span> <span class='ocrx_word' id='word_1_20' title='bbox 1734 506 1929 576; x_wconf 85' lang='lat' dir='ltr'><strong>Fiunt</strong></span> <span class='ocrx_word' id='word_1_21' title='bbox 1970 505 2163 576; x_wconf 80' lang='lat' dir='ltr'><strong>etiam</strong></span> <span class='ocrx_word' id='word_1_22' title='bbox 2205 504 2491 576; x_wconf 83' lang='lat' dir='ltr'><strong>uomicae</strong></span> <span class='ocrx_word' id='word_1_23' title='bbox 2529 506 2952 592; x_wconf 72' lang='lat' dir='ltr'><strong>dogmaticae,</strong></span> <span class='ocrx_word' id='word_1_24' title='bbox 2999 510 3068 575; x_wconf 87' lang='lat' dir='ltr'><strong>et</strong></span> <span class='ocrx_word' id='word_1_25' title='bbox 3108 523 3275 589; x_wconf 80' lang='lat' dir='ltr'><strong>quae</strong></span> 
     </span>
     <span class='ocr_line' id='line_1_4' title="bbox 119 611 3275 707; baseline -0.003 -18"><span class='ocrx_word' id='word_1_26' title='bbox 119 641 214 707; x_wconf 83' lang='lat' dir='ltr'><strong>per</strong></span> <span class='ocrx_word' id='word_1_27' title='bbox 253 639 529 688; x_wconf 87' lang='lat' dir='ltr'><strong>secessus</strong></span> <span class='ocrx_word' id='word_1_28' title='bbox 571 623 927 699; x_wconf 72' lang='lat' dir='ltr'><strong>excernant,</strong></span> <span class='ocrx_word' id='word_1_29' title='bbox 975 615 1301 700; x_wconf 76' lang='lat' dir='ltr'><strong>frigidiora</strong></span> <span class='ocrx_word' id='word_1_30' title='bbox 1343 620 1491 683; x_wconf 83' lang='lat' dir='ltr'><strong>sunt</strong></span> <span class='ocrx_word' id='word_1_31' title='bbox 1533 619 1602 681; x_wconf 83' lang='lat' dir='ltr'><strong>et</strong></span> <span class='ocrx_word' id='word_1_32' title='bbox 1643 615 1845 682; x_wconf 85' lang='lat' dir='ltr'><strong>cruda</strong></span> <span class='ocrx_word' id='word_1_33' title='bbox 1886 619 1955 682; x_wconf 88' lang='lat' dir='ltr'><strong>et</strong></span> <span class='ocrx_word' id='word_1_34' title='bbox 1998 631 2187 682; x_wconf 87' lang='lat' dir='ltr'><strong>acosa</strong></span> <span class='ocrx_word' id='word_1_35' title='bbox 2227 619 2295 681; x_wconf 87' lang='lat' dir='ltr'><strong>et</strong></span> <span class='ocrx_word' id='word_1_36' title='bbox 2335 613 2399 681; x_wconf 90' lang='lat' dir='ltr'><strong>in</strong></span> <span class='ocrx_word' id='word_1_37' title='bbox 2442 613 2663 699; x_wconf 90' lang='lat' dir='ltr'><strong>primis</strong></span> <span class='ocrx_word' id='word_1_38' title='bbox 2704 613 2927 681; x_wconf 86' lang='lat' dir='ltr'><strong>dicbus</strong></span> <span class='ocrx_word' id='word_1_39' title='bbox 2962 611 3275 679; x_wconf 86' lang='lat' dir='ltr'><strong>modicum</strong></span> 
     </span>
    </p>
   </div>
   <div class='ocr_carea' id='block_1_3' title="bbox 70 718 3277 917">
    <p class='ocr_par' dir='ltr' id='par_1_3' title="bbox 70 718 3277 917">
     <span class='ocr_line' id='line_1_5' title="bbox 119 718 3277 835; baseline -0.003 -39"><span class='ocrx_word' id='word_1_40' title='bbox 119 727 325 796; x_wconf 78' lang='lat' dir='ltr'><strong>sudant</strong></span> <span class='ocrx_word' id='word_1_41' title='bbox 367 730 434 794; x_wconf 86' lang='lat' dir='ltr'><strong>et</strong></span> <span class='ocrx_word' id='word_1_42' title='bbox 473 741 676 809; x_wconf 88' lang='lat' dir='ltr'><strong>neque</strong></span> <span class='ocrx_word' id='word_1_43' title='bbox 719 725 854 794; x_wconf 88' lang='lat' dir='ltr'><strong>sine</strong></span> <span class='ocrx_word' id='word_1_44' title='bbox 895 722 1180 792; x_wconf 72' lang='lat' dir='ltr'><strong>febribus</strong></span> <span class='ocrx_word' id='word_1_45' title='bbox 1220 727 1364 806; x_wconf 84' lang='lat' dir='ltr'><strong>post</strong></span> <span class='ocrx_word' id='word_1_46' title='bbox 1405 721 1768 814; x_wconf 69' lang='lat' dir='ltr'><strong>remissione</strong></span> <span class='ocrx_word' id='word_1_47' title='bbox 1811 727 1980 791; x_wconf 65' lang='lat' dir='ltr'><strong>sunt</strong></span> <span class='ocrx_word' id='word_1_48' title='bbox 2055 721 2223 790; x_wconf 85' lang='lat' dir='ltr'><strong>Nam</strong></span> <span class='ocrx_word' id='word_1_49' title='bbox 2267 726 2335 788; x_wconf 88' lang='lat' dir='ltr'><strong>et</strong></span> <span class='ocrx_word' id='word_1_50' title='bbox 2374 721 2655 810; x_wconf 81' lang='lat' dir='ltr'><strong>pallore</strong></span> <span class='ocrx_word' id='word_1_51' title='bbox 2657 719 2997 788; x_wconf 76' lang='lat' dir='ltr'><strong>loedantur.</strong></span> <span class='ocrx_word' id='word_1_52' title='bbox 3070 718 3277 835; x_wconf 75' lang='lat' dir='ltr'><strong>Urina</strong></span> 
     </span>
     <span class='ocr_line' id='line_1_6' title="bbox 70 809 2659 917; baseline -0.004 -11"><span class='ocrx_word' id='word_1_53' title='bbox 70 852 250 908; x_wconf 76' lang='lat' dir='ltr'><strong>suero</strong></span> <span class='ocrx_word' id='word_1_54' title='bbox 291 831 438 901; x_wconf 84' lang='lat' dir='ltr'><strong>alba</strong></span> <span class='ocrx_word' id='word_1_55' title='bbox 480 835 548 900; x_wconf 86' lang='lat' dir='ltr'><strong>et</strong></span> <span class='ocrx_word' id='word_1_56' title='bbox 588 828 836 917; x_wconf 77' lang='lat' dir='ltr'><strong>pinguis</strong></span> <span class='ocrx_word' id='word_1_57' title='bbox 879 834 947 898; x_wconf 90' lang='lat' dir='ltr'><strong>et</strong></span> <span class='ocrx_word' id='word_1_58' title='bbox 989 829 1244 898; x_wconf 82' lang='lat' dir='ltr'><strong>turuida</strong></span> <span class='ocrx_word' id='word_1_59' title='bbox 1287 835 1356 898; x_wconf 84' lang='lat' dir='ltr'><strong>et</strong></span> <span class='ocrx_word' id='word_1_60' title='bbox 1395 828 1588 897; x_wconf 82' lang='lat' dir='ltr'><strong>robra</strong></span> <span class='ocrx_word' id='word_1_61' title='bbox 1630 809 1749 898; x_wconf 83' lang='lat' dir='ltr'><strong>est.</strong></span> <span class='ocrx_word' id='word_1_62' title='bbox 2647 847 2659 862; x_wconf 93' lang='lat'><strong>·</strong></span> 
     </span>
    </p>
   </div>
   <div class='ocr_carea' id='block_1_4' title="bbox 304 1042 1887 1115">
    <p class='ocr_par' dir='ltr' id='par_1_4' title="bbox 304 1042 1887 1115">
     <span class='ocr_line' id='line_1_7' title="bbox 304 1042 1887 1115; baseline -0.001 -1"><span class='ocrx_word' id='word_1_63' title='bbox 304 1046 446 1115; x_wconf 80' lang='lat' dir='ltr'><strong>XV.</strong></span> <span class='ocrx_word' id='word_1_64' title='bbox 535 1043 918 1113; x_wconf 79' lang='lat' dir='ltr'>CVRATIO</span> <span class='ocrx_word' id='word_1_65' title='bbox 959 1042 1510 1113; x_wconf 75' lang='lat' dir='ltr'><strong>coTTIDIANAE</strong></span> <span class='ocrx_word' id='word_1_66' title='bbox 1555 1042 1887 1112; x_wconf 80' lang='lat' dir='ltr'><strong>FEBRIS.</strong></span> 
     </span>
    </p>
   </div>
   <div class='ocr_carea' id='block_1_5' title="bbox 119 1116 3313 1341">
    <p class='ocr_par' dir='ltr' id='par_1_5' title="bbox 119 1116 3313 1341">
     <span class='ocr_line' id='line_1_8' title="bbox 306 1116 3279 1237; baseline -0.003 -15"><span class='ocrx_word' id='word_1_67' title='bbox 306 1152 583 1222; x_wconf 79' lang='lat' dir='ltr'><strong>Curatur</strong></span> <span class='ocrx_word' id='word_1_68' title='bbox 627 1155 838 1220; x_wconf 89' lang='lat' dir='ltr'><strong>autem</strong></span> <span class='ocrx_word' id='word_1_69' title='bbox 881 1149 1223 1230; x_wconf 83' lang='lat' dir='ltr'><strong>cottidiana</strong></span> <span class='ocrx_word' id='word_1_70' title='bbox 1266 1149 1460 1220; x_wconf 80' lang='lat' dir='ltr'><strong>febris</strong></span> <span class='ocrx_word' id='word_1_71' title='bbox 1503 1149 1654 1218; x_wconf 85' lang='lat' dir='ltr'><strong>dato</strong></span> <span class='ocrx_word' id='word_1_72' title='bbox 1696 1147 2003 1237; x_wconf 79' lang='lat' dir='ltr'><strong>oxymelis</strong></span> <span class='ocrx_word' id='word_1_73' title='bbox 2048 1116 2192 1220; x_wconf 81' lang='lat' dir='ltr'><strong>mox</strong></span> <span class='ocrx_word' id='word_1_74' title='bbox 2236 1168 2277 1218; x_wconf 96' lang='lat' dir='ltr'><strong>a</strong></span> <span class='ocrx_word' id='word_1_75' title='bbox 2319 1149 2526 1235; x_wconf 82' lang='lat' dir='ltr'><strong>prima</strong></span> <span class='ocrx_word' id='word_1_76' title='bbox 2567 1149 2689 1230; x_wconf 89' lang='lat' dir='ltr'><strong>die,</strong></span> <span class='ocrx_word' id='word_1_77' title='bbox 2735 1147 2900 1216; x_wconf 83' lang='lat' dir='ltr'><strong>idest</strong></span> <span class='ocrx_word' id='word_1_78' title='bbox 2943 1167 2984 1217; x_wconf 95' lang='lat' dir='ltr'><strong>a</strong></span> <span class='ocrx_word' id='word_1_79' title='bbox 3011 1145 3279 1232; x_wconf 84' lang='lat' dir='ltr'><strong>septima</strong></span> 
     </span>
     <span class='ocr_line' id='line_1_9' title="bbox 119 1253 3313 1341; baseline -0.002 -17"><span class='ocrx_word' id='word_1_80' title='bbox 119 1261 202 1325; x_wconf 88' lang='lat' dir='ltr'><strong>dio</strong></span> <span class='ocrx_word' id='word_1_81' title='bbox 242 1261 528 1325; x_wconf 83' lang='lat' dir='ltr'><strong>incoatur</strong></span> <span class='ocrx_word' id='word_1_82' title='bbox 570 1257 730 1336; x_wconf 84' lang='lat' dir='ltr'><strong>dari,</strong></span> <span class='ocrx_word' id='word_1_83' title='bbox 777 1258 944 1341; x_wconf 87' lang='lat' dir='ltr'><strong>quod</strong></span> <span class='ocrx_word' id='word_1_84' title='bbox 988 1257 1050 1324; x_wconf 86' lang='lat' dir='ltr'><strong>in</strong></span> <span class='ocrx_word' id='word_1_85' title='bbox 1098 1257 1340 1324; x_wconf 84' lang='lat' dir='ltr'><strong>initium</strong></span> <span class='ocrx_word' id='word_1_86' title='bbox 1395 1255 1590 1322; x_wconf 73' lang='lat' dir='ltr'><strong>febris</strong></span> <span class='ocrx_word' id='word_1_87' title='bbox 1646 1256 1805 1322; x_wconf 84' lang='lat' dir='ltr'><strong>etius</strong></span> <span class='ocrx_word' id='word_1_88' title='bbox 1864 1255 2105 1339; x_wconf 78' lang='lat' dir='ltr'><strong>antiqui</strong></span> <span class='ocrx_word' id='word_1_89' title='bbox 2163 1254 2420 1323; x_wconf 73' lang='lat' dir='ltr'><strong>faciunt.</strong></span> <span class='ocrx_word' id='word_1_90' title='bbox 2510 1254 2739 1322; x_wconf 82' lang='lat' dir='ltr'><strong>Danda</strong></span> <span class='ocrx_word' id='word_1_91' title='bbox 2788 1255 2936 1321; x_wconf 82' lang='lat' dir='ltr'><strong>sunt</strong></span> <span class='ocrx_word' id='word_1_92' title='bbox 2977 1253 3168 1320; x_wconf 77' lang='lat' dir='ltr'><strong>etiarn</strong></span> <span class='ocrx_word' id='word_1_93' title='bbox 3212 1255 3313 1318; x_wconf 83' lang='lat' dir='ltr'><strong>et·</strong></span> 
     </span>
    </p>
   </div>
   <div class='ocr_carea' id='block_1_6' title="bbox 119 1361 3281 1450">
    <p class='ocr_par' dir='ltr' id='par_1_6' title="bbox 119 1361 3281 1450">
     <span class='ocr_line' id='line_1_10' title="bbox 119 1361 3281 1450; baseline -0.001 -18"><span class='ocrx_word' id='word_1_94' title='bbox 119 1382 260 1450; x_wconf 81' lang='lat' dir='ltr'><strong>quac</strong></span> <span class='ocrx_word' id='word_1_95' title='bbox 303 1363 552 1432; x_wconf 81' lang='lat' dir='ltr'><strong>urinam</strong></span> <span class='ocrx_word' id='word_1_96' title='bbox 596 1361 1038 1434; x_wconf 77' lang='lat' dir='ltr'><strong>habundanter</strong></span> <span class='ocrx_word' id='word_1_97' title='bbox 1080 1367 1354 1433; x_wconf 74' lang='lat' dir='ltr'><strong>iuouent.</strong></span> <span class='ocrx_word' id='word_1_98' title='bbox 1446 1362 1635 1440; x_wconf 76' lang='lat' dir='ltr'><strong>Dieta</strong></span> <span class='ocrx_word' id='word_1_99' title='bbox 1691 1381 1847 1433; x_wconf 90' lang='lat' dir='ltr'><strong>uero</strong></span> <span class='ocrx_word' id='word_1_100' title='bbox 1902 1361 2249 1432; x_wconf 85' lang='lat' dir='ltr'><strong>ordinanda</strong></span> <span class='ocrx_word' id='word_1_101' title='bbox 2304 1367 2404 1431; x_wconf 85' lang='lat' dir='ltr'><strong>est</strong></span> <span class='ocrx_word' id='word_1_102' title='bbox 2444 1361 2522 1432; x_wconf 69' lang='lat' dir='ltr'><strong>e‘a</strong></span> <span class='ocrx_word' id='word_1_103' title='bbox 2564 1361 2665 1430; x_wconf 86' lang='lat' dir='ltr'><strong>his</strong></span> <span class='ocrx_word' id='word_1_104' title='bbox 2708 1361 3067 1446; x_wconf 76' lang='lat' dir='ltr'><strong>speciebus,</strong></span> <span class='ocrx_word' id='word_1_105' title='bbox 3113 1377 3281 1446; x_wconf 84' lang='lat' dir='ltr'><strong>quae</strong></span> 
     </span>
    </p>
   </div>
   <div class='ocr_carea' id='block_1_7' title="bbox 48 1457 3416 1666">
    <p class='ocr_par' dir='ltr' id='par_1_7' title="bbox 48 1457 3416 1666">
     <span class='ocr_line' id='line_1_11' title="bbox 48 1457 3387 1556; baseline -0.003 -12"><span class='ocrx_word' id='word_1_106' title='bbox 48 1491 96 1544; x_wconf 83' lang='grc' dir='ltr'>ιο</span> <span class='ocrx_word' id='word_1_107' title='bbox 121 1471 372 1538; x_wconf 79' lang='lat' dir='ltr'><strong>incidere</strong></span> <span class='ocrx_word' id='word_1_108' title='bbox 413 1471 652 1554; x_wconf 73' lang='lat' dir='ltr'><strong>mssint</strong></span> <span class='ocrx_word' id='word_1_109' title='bbox 694 1474 764 1538; x_wconf 83' lang='lat' dir='ltr'><strong>et</strong></span> <span class='ocrx_word' id='word_1_110' title='bbox 805 1475 1143 1538; x_wconf 75' lang='lat' dir='ltr'><strong>extenuare</strong></span> <span class='ocrx_word' id='word_1_111' title='bbox 1198 1472 1463 1556; x_wconf 76' lang='lat' dir='ltr'><strong>pingues</strong></span> <span class='ocrx_word' id='word_1_112' title='bbox 1518 1477 1587 1537; x_wconf 80' lang='lat' dir='ltr'><strong>et</strong></span> <span class='ocrx_word' id='word_1_113' title='bbox 1639 1471 1915 1539; x_wconf 86' lang='lat' dir='ltr'><strong>uiscosos</strong></span> <span class='ocrx_word' id='word_1_114' title='bbox 1972 1470 2286 1537; x_wconf 85' lang='lat' dir='ltr'><strong>humores.</strong></span> <span class='ocrx_word' id='word_1_115' title='bbox 2377 1471 2451 1537; x_wconf 91' lang='lat' dir='ltr'><strong>In</strong></span> <span class='ocrx_word' id='word_1_116' title='bbox 2508 1472 2744 1539; x_wconf 84' lang='lat' dir='ltr'><strong>statum</strong></span> <span class='ocrx_word' id='word_1_117' title='bbox 2788 1487 2941 1537; x_wconf 88' lang='lat' dir='ltr'><strong>nero</strong></span> <span class='ocrx_word' id='word_1_118' title='bbox 2984 1485 3125 1536; x_wconf 90' lang='lat' dir='ltr'><strong>cum</strong></span> <span class='ocrx_word' id='word_1_119' title='bbox 3170 1485 3281 1535; x_wconf 89' lang='lat' dir='ltr'><strong>ue-</strong></span> <span class='ocrx_word' id='word_1_120' title='bbox 3384 1457 3387 1462; x_wconf 76' lang='grc'>’</span> 
     </span>
     <span class='ocr_line' id='line_1_12' title="bbox 120 1555 3416 1666; baseline -0.001 -22"><span class='ocrx_word' id='word_1_121' title='bbox 120 1578 264 1646; x_wconf 81' lang='lat' dir='ltr'><strong>nerii.</strong></span> <span class='ocrx_word' id='word_1_122' title='bbox 303 1597 518 1660; x_wconf 84' lang='lat' dir='ltr'><strong>causo,</strong></span> <span class='ocrx_word' id='word_1_123' title='bbox 565 1555 953 1664; x_wconf 79' lang='lat' dir='ltr'><strong>prouidenda</strong></span> <span class='ocrx_word' id='word_1_124' title='bbox 994 1578 1121 1646; x_wconf 86' lang='lat' dir='ltr'><strong>oris</strong></span> <span class='ocrx_word' id='word_1_125' title='bbox 1163 1578 1402 1646; x_wconf 79' lang='lat' dir='ltr'><strong>uentris</strong></span> <span class='ocrx_word' id='word_1_126' title='bbox 1447 1576 1810 1646; x_wconf 75' lang='lat' dir='ltr'><strong>fomentatio</strong></span> <span class='ocrx_word' id='word_1_127' title='bbox 1853 1583 1921 1645; x_wconf 89' lang='lat' dir='ltr'><strong>et</strong></span> <span class='ocrx_word' id='word_1_128' title='bbox 1961 1577 2437 1666; x_wconf 81' lang='lat' dir='ltr'><strong>cataplasmata.</strong></span> <span class='ocrx_word' id='word_1_129' title='bbox 2524 1575 2679 1645; x_wconf 82' lang='lat' dir='ltr'><strong>Post</strong></span> <span class='ocrx_word' id='word_1_130' title='bbox 2720 1577 2879 1644; x_wconf 82' lang='lat' dir='ltr'><strong>hacc</strong></span> <span class='ocrx_word' id='word_1_131' title='bbox 2920 1578 3002 1643; x_wconf 90' lang='lat' dir='ltr'><strong>de</strong></span> <span class='ocrx_word' id='word_1_132' title='bbox 3043 1574 3282 1644; x_wconf 77' lang='lat' dir='ltr'><strong>rafanis</strong></span> <span class='ocrx_word' id='word_1_133' title='bbox 3410 1647 3416 1656; x_wconf 63' lang='grc'><em>,</em></span> 
     </span>
    </p>
   </div>
   <div class='ocr_carea' id='block_1_8' title="bbox 123 1671 3336 1778">
    <p class='ocr_par' dir='ltr' id='par_1_8' title="bbox 123 1671 3336 1786">
     <span class='ocr_line' id='line_1_13' title="bbox 123 1671 3336 1778; baseline -0.001 -26"><span class='ocrx_word' id='word_1_134' title='bbox 123 1685 374 1752; x_wconf 86' lang='lat' dir='ltr'><strong>uomitus</strong></span> <span class='ocrx_word' id='word_1_135' title='bbox 417 1683 738 1754; x_wconf 74' lang='lat' dir='ltr'><strong>faciendus</strong></span> <span class='ocrx_word' id='word_1_136' title='bbox 767 1671 888 1752; x_wconf 81' lang='lat' dir='ltr'><strong>est·</strong></span> <span class='ocrx_word' id='word_1_137' title='bbox 923 1689 1005 1755; x_wconf 85' lang='lat' dir='ltr'><strong>et·</strong></span> <span class='ocrx_word' id='word_1_138' title='bbox 1031 1684 1152 1752; x_wconf 89' lang='lat' dir='ltr'><strong>cibi</strong></span> <span class='ocrx_word' id='word_1_139' title='bbox 1196 1683 1380 1778; x_wconf 84' lang='lat' dir='ltr'><strong>calidi</strong></span> <span class='ocrx_word' id='word_1_140' title='bbox 1409 1683 1599 1751; x_wconf 86' lang='lat' dir='ltr'><strong>dandi</strong></span> <span class='ocrx_word' id='word_1_141' title='bbox 1643 1687 1808 1764; x_wconf 85' lang='lat' dir='ltr'><strong>sunt,</strong></span> <span class='ocrx_word' id='word_1_142' title='bbox 1856 1684 1967 1751; x_wconf 89' lang='lat' dir='ltr'><strong>sed</strong></span> <span class='ocrx_word' id='word_1_143' title='bbox 2012 1691 2077 1750; x_wconf 69' lang='lat' dir='ltr'><strong>et-</strong></span> <span class='ocrx_word' id='word_1_144' title='bbox 2104 1683 2519 1751; x_wconf 82' lang='lat' dir='ltr'><strong>cntharticum</strong></span> <span class='ocrx_word' id='word_1_145' title='bbox 2562 1682 2671 1767; x_wconf 81' lang='lat' dir='ltr'><strong>qui</strong></span> <span class='ocrx_word' id='word_1_146' title='bbox 2713 1681 2944 1769; x_wconf 82' lang='lat' dir='ltr'><strong>flegma</strong></span> <span class='ocrx_word' id='word_1_147' title='bbox 2986 1683 3281 1766; x_wconf 84' lang='lat' dir='ltr'><strong>deponat.</strong></span> <span class='ocrx_word' id='word_1_148' title='bbox 3314 1675 3336 1728; x_wconf 78' lang='lat'><strong>‘-</strong></span> 
     </span>
    </p>
   </div>
   <div class='ocr_carea' id='block_1_9' title="bbox 39 1892 3371 3952">
    <p class='ocr_par' dir='ltr' id='par_1_9' title="bbox 39 1892 3371 3894">
     <span class='ocr_line' id='line_1_14' title="bbox 314 1892 3315 1977; baseline -0.001 -14"><span class='ocrx_word' id='word_1_149' title='bbox 314 1895 492 1966; x_wconf 83' lang='lat' dir='ltr'><strong>xvl.</strong></span> <span class='ocrx_word' id='word_1_150' title='bbox 584 1893 844 1963; x_wconf 77' lang='lat' dir='ltr'>SIGNA</span> <span class='ocrx_word' id='word_1_151' title='bbox 890 1893 1246 1964; x_wconf 81' lang='lat' dir='ltr'>SYNOGIS</span> <span class='ocrx_word' id='word_1_152' title='bbox 1292 1892 1736 1962; x_wconf 78' lang='lat' dir='ltr'><strong>FEBRIBVS.</strong></span> <span class='ocrx_word' id='word_1_153' title='bbox 2698 1943 2701 1946; x_wconf 76' lang='lat'><em>-</em></span> <span class='ocrx_word' id='word_1_154' title='bbox 3308 1967 3315 1977; x_wconf 63' lang='grc'><strong><em>,</em></strong></span> 
     </span>
     <span class='ocr_line' id='line_1_15' title="bbox 317 1999 3281 2088; baseline -0.001 -18"><span class='ocrx_word' id='word_1_155' title='bbox 317 2002 578 2088; x_wconf 80' lang='lat' dir='ltr'><strong>Synocis</strong></span> <span class='ocrx_word' id='word_1_156' title='bbox 623 2000 833 2068; x_wconf 76' lang='lat' dir='ltr'><strong>febres</strong></span> <span class='ocrx_word' id='word_1_157' title='bbox 875 1999 1151 2068; x_wconf 78' lang='lat' dir='ltr'><strong>eiusdem</strong></span> <span class='ocrx_word' id='word_1_158' title='bbox 1197 2001 1444 2083; x_wconf 78' lang='lat' dir='ltr'><strong>generis</strong></span> <span class='ocrx_word' id='word_1_159' title='bbox 1485 2007 1813 2080; x_wconf 80' lang='lat' dir='ltr'><strong>uocantur,</strong></span> <span class='ocrx_word' id='word_1_160' title='bbox 1861 2001 2024 2068; x_wconf 82' lang='lat' dir='ltr'><strong>sicut</strong></span> <span class='ocrx_word' id='word_1_161' title='bbox 2066 2001 2250 2068; x_wconf 89' lang='lat' dir='ltr'><strong>unius</strong></span> <span class='ocrx_word' id='word_1_162' title='bbox 2278 2001 2578 2084; x_wconf 86' lang='lat' dir='ltr'><strong>cuiusque</strong></span> <span class='ocrx_word' id='word_1_163' title='bbox 2608 2002 2816 2086; x_wconf 77' lang='lat' dir='ltr'><strong>typica</strong></span> <span class='ocrx_word' id='word_1_164' title='bbox 2844 2007 2993 2068; x_wconf 86' lang='lat' dir='ltr'><strong>sunt</strong></span> <span class='ocrx_word' id='word_1_165' title='bbox 3025 2020 3281 2085; x_wconf 78' lang='lat' dir='ltr'><strong>genera.</strong></span> 
     </span>
     <span class='ocr_line' id='line_1_16' title="bbox 51 2102 3279 2192; baseline 0 -17"><span class='ocrx_word' id='word_1_166' title='bbox 51 2120 99 2175; x_wconf 74' lang='grc' dir='ltr'>ιι</span> <span class='ocrx_word' id='word_1_167' title='bbox 128 2105 236 2172; x_wconf 85' lang='lat' dir='ltr'><strong>Sed</strong></span> <span class='ocrx_word' id='word_1_168' title='bbox 279 2106 472 2192; x_wconf 80' lang='lat' dir='ltr'><strong>typici</strong></span> <span class='ocrx_word' id='word_1_169' title='bbox 517 2103 676 2170; x_wconf 82' lang='lat' dir='ltr'><strong>flunt</strong></span> <span class='ocrx_word' id='word_1_170' title='bbox 719 2102 795 2191; x_wconf 76' lang='lat' dir='ltr'><strong>(l.</strong></span> <span class='ocrx_word' id='word_1_171' title='bbox 841 2103 938 2188; x_wconf 76' lang='lat'><strong>8¹⁵)</strong></span> <span class='ocrx_word' id='word_1_172' title='bbox 957 2152 974 2184; x_wconf 90' lang='lat'><strong>‚</strong></span> <span class='ocrx_word' id='word_1_173' title='bbox 1020 2105 1272 2188; x_wconf 86' lang='lat' dir='ltr'><strong>quando</strong></span> <span class='ocrx_word' id='word_1_174' title='bbox 1315 2103 1592 2172; x_wconf 79' lang='lat' dir='ltr'><strong>firmiora</strong></span> <span class='ocrx_word' id='word_1_175' title='bbox 1633 2104 1914 2190; x_wconf 87' lang='lat' dir='ltr'><strong>corporis</strong></span> <span class='ocrx_word' id='word_1_176' title='bbox 1957 2104 2267 2185; x_wconf 84' lang='lat' dir='ltr'><strong>membra,</strong></span> <span class='ocrx_word' id='word_1_177' title='bbox 2313 2123 2473 2189; x_wconf 82' lang='lat' dir='ltr'><strong>quas</strong></span> <span class='ocrx_word' id='word_1_178' title='bbox 2517 2105 2704 2172; x_wconf 87' lang='lat' dir='ltr'><strong>Greci</strong></span> <span class='ocrx_word' id='word_1_179' title='bbox 2748 2111 2987 2176; x_wconf 84' lang='lat' dir='ltr'><strong>stereas</strong></span> <span class='ocrx_word' id='word_1_180' title='bbox 3032 2112 3279 2190; x_wconf 81' lang='lat' dir='ltr'><strong>uocant,</strong></span> 
     </span>
     <span class='ocr_line' id='line_1_17' title="bbox 127 2201 3284 2298; baseline 0 -18"><span class='ocrx_word' id='word_1_181' title='bbox 127 2211 407 2281; x_wconf 77' lang='lat' dir='ltr'><strong>humores</strong></span> <span class='ocrx_word' id='word_1_182' title='bbox 443 2201 892 2297; x_wconf 57' lang='lat' dir='ltr'><strong>&#39;occupauerint</strong></span> <span class='ocrx_word' id='word_1_183' title='bbox 934 2217 1000 2279; x_wconf 84' lang='lat' dir='ltr'><strong>et</strong></span> <span class='ocrx_word' id='word_1_184' title='bbox 1043 2211 1141 2295; x_wconf 65' lang='lat' dir='ltr'><strong>sic,</strong></span> <span class='ocrx_word' id='word_1_185' title='bbox 1175 2231 1315 2280; x_wconf 86' lang='lat' dir='ltr'><strong>cnm</strong></span> <span class='ocrx_word' id='word_1_186' title='bbox 1360 2213 1567 2296; x_wconf 83' lang='lat' dir='ltr'><strong>rigore</strong></span> <span class='ocrx_word' id='word_1_187' title='bbox 1610 2219 2015 2298; x_wconf 77' lang='lat' dir='ltr'><strong>generantur.</strong></span> <span class='ocrx_word' id='word_1_188' title='bbox 2107 2211 2384 2297; x_wconf 78' lang='lat' dir='ltr'><strong>Synocus</strong></span> <span class='ocrx_word' id='word_1_189' title='bbox 2428 2232 2580 2280; x_wconf 90' lang='lat' dir='ltr'><strong>uero</strong></span> <span class='ocrx_word' id='word_1_190' title='bbox 2624 2212 2833 2281; x_wconf 76' lang='lat' dir='ltr'><strong>febres</strong></span> <span class='ocrx_word' id='word_1_191' title='bbox 2876 2213 3045 2281; x_wconf 88' lang='lat' dir='ltr'><strong>intra</strong></span> <span class='ocrx_word' id='word_1_192' title='bbox 3086 2233 3284 2281; x_wconf 88' lang='lat' dir='ltr'><strong>uenas</strong></span> 
     </span>
     <span class='ocr_line' id='line_1_18' title="bbox 126 2315 3289 2406; baseline 0.002 -23"><span class='ocrx_word' id='word_1_193' title='bbox 126 2324 227 2382; x_wconf 83' lang='lat' dir='ltr'><strong>aut</strong></span> <span class='ocrx_word' id='word_1_194' title='bbox 267 2317 498 2402; x_wconf 79' lang='lat' dir='ltr'><strong>flegma</strong></span> <span class='ocrx_word' id='word_1_195' title='bbox 541 2322 655 2384; x_wconf 84' lang='lat' dir='ltr'><strong>aut</strong></span> <span class='ocrx_word' id='word_1_196' title='bbox 696 2315 948 2384; x_wconf 82' lang='lat' dir='ltr'><strong>cholera</strong></span> <span class='ocrx_word' id='word_1_197' title='bbox 991 2317 1186 2384; x_wconf 73' lang='lat' dir='ltr'><strong>robes</strong></span> <span class='ocrx_word' id='word_1_198' title='bbox 1226 2317 1328 2384; x_wconf 90' lang='lat' dir='ltr'><strong>uel</strong></span> <span class='ocrx_word' id='word_1_199' title='bbox 1372 2318 1571 2403; x_wconf 77' lang='lat' dir='ltr'><strong>nigra,</strong></span> <span class='ocrx_word' id='word_1_200' title='bbox 1619 2331 1763 2386; x_wconf 88' lang='lat' dir='ltr'><strong>cum</strong></span> <span class='ocrx_word' id='word_1_201' title='bbox 1807 2317 2114 2403; x_wconf 78' lang='lat' dir='ltr'><strong>sanguine</strong></span> <span class='ocrx_word' id='word_1_202' title='bbox 2156 2335 2226 2384; x_wconf 82' lang='lat' dir='ltr'><strong>se</strong></span> <span class='ocrx_word' id='word_1_203' title='bbox 2266 2317 2658 2400; x_wconf 80' lang='lat' dir='ltr'><strong>miscuerint,</strong></span> <span class='ocrx_word' id='word_1_204' title='bbox 2706 2323 3046 2406; x_wconf 81' lang='lat' dir='ltr'><strong>generatur</strong></span> <span class='ocrx_word' id='word_1_205' title='bbox 3088 2324 3155 2387; x_wconf 86' lang='lat' dir='ltr'><strong>et</strong></span> <span class='ocrx_word' id='word_1_206' title='bbox 3198 2319 3289 2388; x_wconf 89' lang='lat' dir='ltr'><strong>sic</strong></span> 
     </span>
     <span class='ocr_line' id='line_1_19' title="bbox 127 2421 3289 2512; baseline 0.001 -20"><span class='ocrx_word' id='word_1_207' title='bbox 127 2423 246 2492; x_wconf 83' lang='lat' dir='ltr'><strong>sine</strong></span> <span class='ocrx_word' id='word_1_208' title='bbox 286 2423 744 2494; x_wconf 84' lang='lat' dir='ltr'><strong>intermissione</strong></span> <span class='ocrx_word' id='word_1_209' title='bbox 785 2421 1137 2492; x_wconf 78' lang='lat' dir='ltr'><strong>efficiuntur</strong></span> <span class='ocrx_word' id='word_1_210' title='bbox 1179 2423 1408 2494; x_wconf 80' lang='lat' dir='ltr'><strong>febres.</strong></span> <span class='ocrx_word' id='word_1_211' title='bbox 1497 2427 1658 2494; x_wconf 84' lang='lat' dir='ltr'><strong>Cum</strong></span> <span class='ocrx_word' id='word_1_212' title='bbox 1703 2445 1857 2510; x_wconf 79' lang='lat' dir='ltr'><strong>ergo</strong></span> <span class='ocrx_word' id='word_1_213' title='bbox 1900 2425 2256 2493; x_wconf 80' lang='lat' dir='ltr'><strong>choleribus</strong></span> <span class='ocrx_word' id='word_1_214' title='bbox 2286 2425 2492 2494; x_wconf 88' lang='lat' dir='ltr'><strong>robeis</strong></span> <span class='ocrx_word' id='word_1_215' title='bbox 2520 2424 2753 2494; x_wconf 77' lang='lat' dir='ltr'><strong>luerint</strong></span> <span class='ocrx_word' id='word_1_216' title='bbox 2780 2445 2981 2494; x_wconf 84' lang='lat' dir='ltr'><strong>uenae</strong></span> <span class='ocrx_word' id='word_1_217' title='bbox 3009 2426 3289 2512; x_wconf 77' lang='lat' dir='ltr'><strong>repletae</strong></span> 
     </span>
     <span class='ocr_line' id='line_1_20' title="bbox 125 2528 3289 2621; baseline 0.002 -25"><span class='ocrx_word' id='word_1_218' title='bbox 125 2547 252 2596; x_wconf 87' lang='lat' dir='ltr'><strong>cum</strong></span> <span class='ocrx_word' id='word_1_219' title='bbox 310 2531 645 2615; x_wconf 75' lang='lat' dir='ltr'><strong>sanguine,</strong></span> <span class='ocrx_word' id='word_1_220' title='bbox 705 2547 989 2612; x_wconf 84' lang='lat' dir='ltr'><strong>necesse.</strong></span> <span class='ocrx_word' id='word_1_221' title='bbox 1027 2535 1124 2603; x_wconf 87' lang='grc' dir='ltr'>,ιιι</span> <span class='ocrx_word' id='word_1_222' title='bbox 1177 2535 1534 2614; x_wconf 77' lang='lat' dir='ltr'><strong>putrescant</strong></span> <span class='ocrx_word' id='word_1_223' title='bbox 1587 2535 1654 2600; x_wconf 83' lang='lat' dir='ltr'><strong>et</strong></span> <span class='ocrx_word' id='word_1_224' title='bbox 1711 2547 1933 2599; x_wconf 82' lang='lat' dir='ltr'><strong>causes</strong></span> <span class='ocrx_word' id='word_1_225' title='bbox 1992 2528 2229 2600; x_wconf 74' lang='lat' dir='ltr'><strong>faciant</strong></span> <span class='ocrx_word' id='word_1_226' title='bbox 2278 2528 2508 2600; x_wconf 74' lang='lat' dir='ltr'><strong>febres.</strong></span> <span class='ocrx_word' id='word_1_227' title='bbox 2598 2531 2758 2602; x_wconf 87' lang='lat' dir='ltr'><strong>Cum</strong></span> <span class='ocrx_word' id='word_1_228' title='bbox 2802 2535 3015 2602; x_wconf 79' lang='lat' dir='ltr'><strong>autem</strong></span> <span class='ocrx_word' id='word_1_229' title='bbox 3058 2531 3289 2621; x_wconf 77' lang='lat' dir='ltr'><strong>flegma</strong></span> 
     </span>
     <span class='ocr_line' id='line_1_21' title="bbox 43 2638 3289 2726; baseline 0 -18"><span class='ocrx_word' id='word_1_230' title='bbox 43 2650 100 2708; x_wconf 71' lang='grc' dir='ltr'>ιο</span> <span class='ocrx_word' id='word_1_231' title='bbox 132 2639 523 2724; x_wconf 82' lang='lat' dir='ltr'><strong>occupauerit</strong></span> <span class='ocrx_word' id='word_1_232' title='bbox 565 2658 760 2708; x_wconf 84' lang='lat' dir='ltr'><strong>uenas</strong></span> <span class='ocrx_word' id='word_1_233' title='bbox 803 2643 870 2708; x_wconf 83' lang='lat' dir='ltr'><strong>et</strong></span> <span class='ocrx_word' id='word_1_234' title='bbox 911 2638 1341 2726; x_wconf 85' lang='lat' dir='ltr'><strong>conputruerit</strong></span> <span class='ocrx_word' id='word_1_235' title='bbox 1354 2690 1370 2721; x_wconf 85' lang='lat'>‚</span> <span class='ocrx_word' id='word_1_236' title='bbox 1425 2658 1677 2708; x_wconf 85' lang='lat' dir='ltr'><strong>necesse</strong></span> <span class='ocrx_word' id='word_1_237' title='bbox 1732 2643 1832 2708; x_wconf 86' lang='lat' dir='ltr'><strong>est</strong></span> <span class='ocrx_word' id='word_1_238' title='bbox 1880 2639 2253 2708; x_wconf 82' lang='lat' dir='ltr'><strong>cottidianas</strong></span> <span class='ocrx_word' id='word_1_239' title='bbox 2296 2639 2487 2708; x_wconf 78' lang='lat' dir='ltr'><strong>faciat</strong></span> <span class='ocrx_word' id='word_1_240' title='bbox 2528 2640 2737 2710; x_wconf 76' lang='lat' dir='ltr'><strong>febres</strong></span> <span class='ocrx_word' id='word_1_241' title='bbox 2776 2640 3030 2708; x_wconf 77' lang='lat' dir='ltr'><strong>cottidie</strong></span> <span class='ocrx_word' id='word_1_242' title='bbox 3073 2661 3289 2709; x_wconf 71' lang='lat' dir='ltr'><strong>aeren-</strong></span> 
     </span>
     <span class='ocr_line' id='line_1_22' title="bbox 80 2737 3289 2832; baseline 0.002 -26"><span class='ocrx_word' id='word_1_243' title='bbox 80 2819 86 2826; x_wconf 41' lang='grc'><strong>,</strong></span> <span class='ocrx_word' id='word_1_244' title='bbox 123 2743 314 2810; x_wconf 75' lang='lat' dir='ltr'><strong>«leudo</strong></span> <span class='ocrx_word' id='word_1_245' title='bbox 356 2751 428 2812; x_wconf 88' lang='lat' dir='ltr'><strong>et</strong></span> <span class='ocrx_word' id='word_1_246' title='bbox 468 2745 604 2812; x_wconf 90' lang='lat' dir='ltr'><strong>sine</strong></span> <span class='ocrx_word' id='word_1_247' title='bbox 647 2743 824 2810; x_wconf 73' lang='lat' dir='ltr'><strong>febre</strong></span> <span class='ocrx_word' id='word_1_248' title='bbox 866 2737 1206 2826; x_wconf 79' lang='lat' dir='ltr'><strong>numquam</strong></span> <span class='ocrx_word' id='word_1_249' title='bbox 1253 2743 1673 2812; x_wconf 85' lang='lat' dir='ltr'><strong>inueniuntur.</strong></span> <span class='ocrx_word' id='word_1_250' title='bbox 1761 2743 1895 2810; x_wconf 82' lang='lat' dir='ltr'><strong>Iste</strong></span> <span class='ocrx_word' id='word_1_251' title='bbox 1938 2743 2279 2811; x_wconf 82' lang='lat' dir='ltr'><strong>cottidiano</strong></span> <span class='ocrx_word' id='word_1_252' title='bbox 2319 2743 2539 2812; x_wconf 87' lang='lat' dir='ltr'><strong>similis</strong></span> <span class='ocrx_word' id='word_1_253' title='bbox 2566 2747 2665 2812; x_wconf 82' lang='lat' dir='ltr'><strong>est</strong></span> <span class='ocrx_word' id='word_1_254' title='bbox 2690 2763 2766 2813; x_wconf 92' lang='lat' dir='ltr'><strong>eo</strong></span> <span class='ocrx_word' id='word_1_255' title='bbox 2794 2745 2977 2814; x_wconf 90' lang='lat' dir='ltr'><strong>modo</strong></span> <span class='ocrx_word' id='word_1_256' title='bbox 3006 2749 3073 2812; x_wconf 81' lang='lat' dir='ltr'><strong>et</strong></span> <span class='ocrx_word' id='word_1_257' title='bbox 3099 2764 3289 2832; x_wconf 84' lang='lat' dir='ltr'><strong>quar-</strong></span> 
     </span>
     <span class='ocr_line' id='line_1_23' title="bbox 123 2847 3290 2939; baseline 0 -17"><span class='ocrx_word' id='word_1_258' title='bbox 123 2853 281 2922; x_wconf 75' lang='lat' dir='ltr'><strong>tano.</strong></span> <span class='ocrx_word' id='word_1_259' title='bbox 371 2851 537 2921; x_wconf 86' lang='lat' dir='ltr'><strong>Cum</strong></span> <span class='ocrx_word' id='word_1_260' title='bbox 577 2847 1057 2920; x_wconf 81' lang='lat' dir='ltr'><strong>melancholicus</strong></span> <span class='ocrx_word' id='word_1_261' title='bbox 1098 2849 1327 2919; x_wconf 87' lang='lat' dir='ltr'><strong>humor</strong></span> <span class='ocrx_word' id='word_1_262' title='bbox 1368 2869 1562 2920; x_wconf 85' lang='lat' dir='ltr'><strong>uenas</strong></span> <span class='ocrx_word' id='word_1_263' title='bbox 1604 2852 2041 2937; x_wconf 85' lang='lat' dir='ltr'><strong>occupauerit‚</strong></span> <span class='ocrx_word' id='word_1_264' title='bbox 2100 2869 2355 2920; x_wconf 86' lang='lat' dir='ltr'><strong>necesse</strong></span> <span class='ocrx_word' id='word_1_265' title='bbox 2410 2857 2510 2921; x_wconf 85' lang='lat' dir='ltr'><strong>est</strong></span> <span class='ocrx_word' id='word_1_266' title='bbox 2550 2859 2777 2936; x_wconf 84' lang='lat' dir='ltr'><strong>quarto</strong></span> <span class='ocrx_word' id='word_1_267' title='bbox 2821 2853 2923 2920; x_wconf 86' lang='lat' dir='ltr'><strong>dio</strong></span> <span class='ocrx_word' id='word_1_268' title='bbox 2966 2854 3290 2939; x_wconf 81' lang='lat' dir='ltr'><strong>grauiores</strong></span> 
     </span>
     <span class='ocr_line' id='line_1_24' title="bbox 124 2953 3290 3046; baseline 0.002 -25"><span class='ocrx_word' id='word_1_269' title='bbox 124 2953 304 3023; x_wconf 80' lang='lat' dir='ltr'><strong>faciat</strong></span> <span class='ocrx_word' id='word_1_270' title='bbox 345 2953 818 3027; x_wconf 46' lang='lat' dir='ltr'><strong>commotionem</strong></span> <span class='ocrx_word' id='word_1_271' title='bbox 832 3015 854 3046; x_wconf 16' lang='lat'><strong>3⁴</strong></span> <span class='ocrx_word' id='word_1_272' title='bbox 903 2955 1168 3038; x_wconf 77' lang='lat' dir='ltr'><strong>Quando</strong></span> <span class='ocrx_word' id='word_1_273' title='bbox 1211 2974 1363 3041; x_wconf 80' lang='lat' dir='ltr'><strong>ergo</strong></span> <span class='ocrx_word' id='word_1_274' title='bbox 1405 2975 1596 3026; x_wconf 89' lang='lat' dir='ltr'><strong>uerus</strong></span> <span class='ocrx_word' id='word_1_275' title='bbox 1639 2975 1869 3026; x_wconf 84' lang='lat' dir='ltr'><strong>causus</strong></span> <span class='ocrx_word' id='word_1_276' title='bbox 1912 2963 2042 3040; x_wconf 84' lang='lat' dir='ltr'><strong>est,</strong></span> <span class='ocrx_word' id='word_1_277' title='bbox 2101 2956 2509 3026; x_wconf 80' lang='lat' dir='ltr'><strong>custodienda</strong></span> <span class='ocrx_word' id='word_1_278' title='bbox 2562 2961 2711 3026; x_wconf 83' lang='lat' dir='ltr'><strong>sunt</strong></span> <span class='ocrx_word' id='word_1_279' title='bbox 2751 2957 2933 3042; x_wconf 83' lang='lat' dir='ltr'><strong>signa</strong></span> <span class='ocrx_word' id='word_1_280' title='bbox 2946 3009 2963 3039; x_wconf 85' lang='lat'>‚</span> <span class='ocrx_word' id='word_1_281' title='bbox 3023 2977 3183 3043; x_wconf 81' lang='lat' dir='ltr'><strong>quas</strong></span> <span class='ocrx_word' id='word_1_282' title='bbox 3226 2958 3290 3026; x_wconf 93' lang='lat' dir='ltr'><strong>in</strong></span> 
     </span>
     <span class='ocr_line' id='line_1_25' title="bbox 123 3057 3292 3148; baseline 0.002 -20"><span class='ocrx_word' id='word_1_283' title='bbox 123 3079 264 3128; x_wconf 87' lang='lat' dir='ltr'><strong>uero</strong></span> <span class='ocrx_word' id='word_1_284' title='bbox 307 3063 580 3130; x_wconf 82' lang='lat' dir='ltr'><strong>diximus</strong></span> <span class='ocrx_word' id='word_1_285' title='bbox 621 3079 762 3130; x_wconf 87' lang='lat' dir='ltr'><strong>esse</strong></span> <span class='ocrx_word' id='word_1_286' title='bbox 802 3061 1093 3142; x_wconf 84' lang='lat' dir='ltr'><strong>tertiano,</strong></span> <span class='ocrx_word' id='word_1_287' title='bbox 1138 3068 1391 3146; x_wconf 74' lang='lat' dir='ltr'><strong>praeter</strong></span> <span class='ocrx_word' id='word_1_288' title='bbox 1433 3057 1582 3146; x_wconf 87' lang='lat' dir='ltr'><strong>quia</strong></span> <span class='ocrx_word' id='word_1_289' title='bbox 1623 3074 1748 3131; x_wconf 84' lang='lat' dir='ltr'><strong>non</strong></span> <span class='ocrx_word' id='word_1_290' title='bbox 1793 3081 1938 3132; x_wconf 88' lang='lat' dir='ltr'><strong>cum</strong></span> <span class='ocrx_word' id='word_1_291' title='bbox 1982 3063 2191 3148; x_wconf 78' lang='lat' dir='ltr'><strong>rigore</strong></span> <span class='ocrx_word' id='word_1_292' title='bbox 2233 3063 2541 3132; x_wconf 85' lang='lat' dir='ltr'><strong>accedunt</strong></span> <span class='ocrx_word' id='word_1_293' title='bbox 2581 3069 2649 3131; x_wconf 87' lang='lat' dir='ltr'><strong>et</strong></span> <span class='ocrx_word' id='word_1_294' title='bbox 2689 3080 2893 3148; x_wconf 86' lang='lat' dir='ltr'><strong>neque</strong></span> <span class='ocrx_word' id='word_1_295' title='bbox 2934 3065 3069 3132; x_wconf 89' lang='lat' dir='ltr'><strong>sine</strong></span> <span class='ocrx_word' id='word_1_296' title='bbox 3111 3063 3292 3133; x_wconf 76' lang='lat' dir='ltr'><strong>febre</strong></span> 
     </span>
     <span class='ocr_line' id='line_1_26' title="bbox 39 3158 3290 3240; baseline 0.001 -3"><span class='ocrx_word' id='word_1_297' title='bbox 39 3181 95 3237; x_wconf 74' lang='lat' dir='ltr'><strong>ss</strong></span> <span class='ocrx_word' id='word_1_298' title='bbox 122 3167 180 3234; x_wconf 86' lang='lat' dir='ltr'><strong>in</strong></span> <span class='ocrx_word' id='word_1_299' title='bbox 219 3168 586 3236; x_wconf 80' lang='lat' dir='ltr'><strong>remissione</strong></span> <span class='ocrx_word' id='word_1_300' title='bbox 629 3167 1051 3238; x_wconf 82' lang='lat' dir='ltr'><strong>inueniuntur.</strong></span> <span class='ocrx_word' id='word_1_301' title='bbox 1140 3167 1276 3236; x_wconf 81' lang='lat' dir='ltr'><strong>Hoc</strong></span> <span class='ocrx_word' id='word_1_302' title='bbox 1318 3173 1561 3238; x_wconf 83' lang='lat' dir='ltr'><strong>tantum</strong></span> <span class='ocrx_word' id='word_1_303' title='bbox 1606 3170 1871 3239; x_wconf 79' lang='lat' dir='ltr'><strong>interest</strong></span> <span class='ocrx_word' id='word_1_304' title='bbox 1912 3158 2083 3238; x_wconf 79' lang='lat' dir='ltr'><strong>inter</strong></span> <span class='ocrx_word' id='word_1_305' title='bbox 2118 3187 2277 3238; x_wconf 88' lang='lat' dir='ltr'><strong>uera</strong></span> <span class='ocrx_word' id='word_1_306' title='bbox 2320 3169 2595 3238; x_wconf 86' lang='lat' dir='ltr'><strong>tertiana</strong></span> <span class='ocrx_word' id='word_1_307' title='bbox 2635 3174 2703 3238; x_wconf 82' lang='lat' dir='ltr'><strong>et</strong></span> <span class='ocrx_word' id='word_1_308' title='bbox 2742 3189 2974 3240; x_wconf 86' lang='lat' dir='ltr'><strong>causon</strong></span> <span class='ocrx_word' id='word_1_309' title='bbox 3026 3169 3290 3240; x_wconf 76' lang='lat' dir='ltr'><strong>febrem.</strong></span> 
     </span>
     <span class='ocr_line' id='line_1_27' title="bbox 123 3271 3311 3363; baseline 0.003 -24"><span class='ocrx_word' id='word_1_310' title='bbox 123 3271 274 3343; x_wconf 79' lang='lat' dir='ltr'><strong>Nam</strong></span> <span class='ocrx_word' id='word_1_311' title='bbox 319 3275 374 3343; x_wconf 92' lang='lat' dir='ltr'><strong>si</strong></span> <span class='ocrx_word' id='word_1_312' title='bbox 421 3275 506 3342; x_wconf 78' lang='lat' dir='ltr'><strong>«le</strong></span> <span class='ocrx_word' id='word_1_313' title='bbox 549 3273 781 3361; x_wconf 69' lang='lat' dir='ltr'><strong>ilemna</strong></span> <span class='ocrx_word' id='word_1_314' title='bbox 821 3277 942 3355; x_wconf 76' lang='lat' dir='ltr'><strong>est,</strong></span> <span class='ocrx_word' id='word_1_315' title='bbox 991 3291 1106 3359; x_wconf 89' lang='lat' dir='ltr'><strong>per</strong></span> <span class='ocrx_word' id='word_1_316' title='bbox 1159 3273 1436 3361; x_wconf 80' lang='lat' dir='ltr'><strong>singulos</strong></span> <span class='ocrx_word' id='word_1_317' title='bbox 1493 3277 1629 3345; x_wconf 88' lang='lat' dir='ltr'><strong>dies</strong></span> <span class='ocrx_word' id='word_1_318' title='bbox 1669 3293 1953 3346; x_wconf 80' lang='lat' dir='ltr'><strong>accessos</strong></span> <span class='ocrx_word' id='word_1_319' title='bbox 1994 3275 2229 3345; x_wconf 86' lang='lat' dir='ltr'><strong>similes</strong></span> <span class='ocrx_word' id='word_1_320' title='bbox 2271 3279 2424 3363; x_wconf 72' lang='lat' dir='ltr'><strong>typo</strong></span> <span class='ocrx_word' id='word_1_321' title='bbox 2464 3275 2799 3345; x_wconf 82' lang='lat' dir='ltr'><strong>cottidiano</strong></span> <span class='ocrx_word' id='word_1_322' title='bbox 2842 3281 2910 3345; x_wconf 91' lang='lat' dir='ltr'><strong>et</strong></span> <span class='ocrx_word' id='word_1_323' title='bbox 2948 3293 3311 3361; x_wconf 78' lang='lat' dir='ltr'><strong>numquam.</strong></span> 
     </span>
     <span class='ocr_line' id='line_1_28' title="bbox 122 3369 3371 3468; baseline 0.002 -20"><span class='ocrx_word' id='word_1_324' title='bbox 122 3369 338 3462; x_wconf 77' lang='lat' dir='ltr'><strong>pausat</strong></span> <span class='ocrx_word' id='word_1_325' title='bbox 395 3379 625 3464; x_wconf 77' lang='lat' dir='ltr'><strong>febris,</strong></span> <span class='ocrx_word' id='word_1_326' title='bbox 685 3379 796 3450; x_wconf 86' lang='lat' dir='ltr'><strong>sed</strong></span> <span class='ocrx_word' id='word_1_327' title='bbox 849 3384 1218 3467; x_wconf 84' lang='lat' dir='ltr'><strong>perseuerat</strong></span> <span class='ocrx_word' id='word_1_328' title='bbox 1271 3398 1470 3465; x_wconf 86' lang='lat' dir='ltr'><strong>usque</strong></span> <span class='ocrx_word' id='word_1_329' title='bbox 1523 3382 1607 3451; x_wconf 86' lang='lat' dir='ltr'><strong>ad</strong></span> <span class='ocrx_word' id='word_1_330' title='bbox 1663 3381 2243 3452; x_wconf 79' lang='lat' dir='ltr'><strong>determinationem</strong></span> <span class='ocrx_word' id='word_1_331' title='bbox 2300 3401 2427 3452; x_wconf 83' lang='lat' dir='ltr'><strong>nno</strong></span> <span class='ocrx_word' id='word_1_332' title='bbox 2468 3381 2686 3468; x_wconf 74' lang='lat' dir='ltr'><strong>mod03</strong></span> <span class='ocrx_word' id='word_1_333' title='bbox 2752 3384 3089 3452; x_wconf 84' lang='lat' dir='ltr'><strong>secundum</strong></span> <span class='ocrx_word' id='word_1_334' title='bbox 3134 3381 3294 3452; x_wconf 84' lang='lat' dir='ltr'><strong>haec</strong></span> <span class='ocrx_word' id='word_1_335' title='bbox 3360 3371 3371 3384; x_wconf 83' lang='lat'>&#39;</span> 
     </span>
     <span class='ocr_line' id='line_1_29' title="bbox 124 3486 3293 3574; baseline 0.001 -20"><span class='ocrx_word' id='word_1_336' title='bbox 124 3491 321 3556; x_wconf 80' lang='lat' dir='ltr'><strong>aulem</strong></span> <span class='ocrx_word' id='word_1_337' title='bbox 365 3489 625 3574; x_wconf 79' lang='lat' dir='ltr'><strong>quando</strong></span> <span class='ocrx_word' id='word_1_338' title='bbox 666 3491 899 3573; x_wconf 86' lang='lat' dir='ltr'><strong>quarta</strong></span> <span class='ocrx_word' id='word_1_339' title='bbox 954 3486 1058 3558; x_wconf 88' lang='lat' dir='ltr'><strong>die</strong></span> <span class='ocrx_word' id='word_1_340' title='bbox 1115 3486 1190 3557; x_wconf 84' lang='lat' dir='ltr'><strong>iit</strong></span> <span class='ocrx_word' id='word_1_341' title='bbox 1223 3488 1511 3568; x_wconf 88' lang='lat' dir='ltr'><strong>accessio</strong></span> <span class='ocrx_word' id='word_1_342' title='bbox 1523 3493 1530 3505; x_wconf 88' lang='lat'>&#39;</span> <span class='ocrx_word' id='word_1_343' title='bbox 1556 3491 1624 3558; x_wconf 85' lang='lat' dir='ltr'><strong>et</strong></span> <span class='ocrx_word' id='word_1_344' title='bbox 1664 3487 1953 3558; x_wconf 85' lang='lat' dir='ltr'><strong>similiter</strong></span> <span class='ocrx_word' id='word_1_345' title='bbox 1993 3488 2131 3556; x_wconf 89' lang='lat' dir='ltr'><strong>sine</strong></span> <span class='ocrx_word' id='word_1_346' title='bbox 2172 3487 2351 3557; x_wconf 72' lang='lat' dir='ltr'><strong>febre</strong></span> <span class='ocrx_word' id='word_1_347' title='bbox 2392 3505 2734 3573; x_wconf 74' lang='lat' dir='ltr'><strong>nuniquam</strong></span> <span class='ocrx_word' id='word_1_348' title='bbox 2778 3489 3095 3557; x_wconf 84' lang='lat' dir='ltr'><strong>inuenitur</strong></span> <span class='ocrx_word' id='word_1_349' title='bbox 3138 3489 3293 3558; x_wconf 87' lang='lat' dir='ltr'><strong>alios</strong></span> 
     </span>
     <span class='ocr_line' id='line_1_30' title="bbox 123 3591 3294 3684; baseline 0.002 -25"><span class='ocrx_word' id='word_1_350' title='bbox 123 3591 244 3660; x_wconf 88' lang='lat' dir='ltr'><strong>dies</strong></span> <span class='ocrx_word' id='word_1_351' title='bbox 287 3598 355 3662; x_wconf 84' lang='lat' dir='ltr'><strong>et</strong></span> <span class='ocrx_word' id='word_1_352' title='bbox 397 3593 691 3663; x_wconf 75' lang='lat' dir='ltr'><strong>similiter</strong></span> <span class='ocrx_word' id='word_1_353' title='bbox 730 3597 1041 3679; x_wconf 86' lang='lat' dir='ltr'><strong>quartano</strong></span> <span class='ocrx_word' id='word_1_354' title='bbox 1082 3592 1479 3664; x_wconf 83' lang='lat' dir='ltr'><strong>extimandus</strong></span> <span class='ocrx_word' id='word_1_355' title='bbox 1519 3602 1620 3664; x_wconf 85' lang='lat' dir='ltr'><strong>est</strong></span> <span class='ocrx_word' id='word_1_356' title='bbox 1674 3598 1847 3684; x_wconf 73' lang='lat' dir='ltr'><strong>typo.</strong></span> <span class='ocrx_word' id='word_1_357' title='bbox 1955 3594 2254 3684; x_wconf 73' lang='lat' dir='ltr'><strong>Synocns</strong></span> <span class='ocrx_word' id='word_1_358' title='bbox 2266 3611 2435 3682; x_wconf 77' lang='lat' dir='ltr'><strong>ergo</strong></span> <span class='ocrx_word' id='word_1_359' title='bbox 2493 3592 2703 3665; x_wconf 73' lang='lat' dir='ltr'><strong>febres</strong></span> <span class='ocrx_word' id='word_1_360' title='bbox 2759 3613 3102 3680; x_wconf 79' lang='lat' dir='ltr'><strong>numquam</strong></span> <span class='ocrx_word' id='word_1_361' title='bbox 3158 3595 3294 3665; x_wconf 86' lang='lat' dir='ltr'><strong>sine</strong></span> 
     </span>
     <span class='ocr_line' id='line_1_31' title="bbox 43 3697 3295 3787; baseline 0 -19"><span class='ocrx_word' id='word_1_362' title='bbox 43 3713 100 3768; x_wconf 72' lang='lat' dir='ltr'><strong>no</strong></span> <span class='ocrx_word' id='word_1_363' title='bbox 127 3697 426 3771; x_wconf 71' lang='lat' dir='ltr'><strong>febribus</strong></span> <span class='ocrx_word' id='word_1_364' title='bbox 439 3699 781 3784; x_wconf 70' lang='lat' dir='ltr'><strong>inueniunt,</strong></span> <span class='ocrx_word' id='word_1_365' title='bbox 828 3706 1169 3787; x_wconf 82' lang='lat' dir='ltr'><strong>antequam</strong></span> <span class='ocrx_word' id='word_1_366' title='bbox 1211 3700 1488 3785; x_wconf 75' lang='lat' dir='ltr'><strong>perfecte</strong></span> <span class='ocrx_word' id='word_1_367' title='bbox 1531 3701 1816 3770; x_wconf 83' lang='lat' dir='ltr'><strong>soluatur</strong></span> <span class='ocrx_word' id='word_1_368' title='bbox 1859 3701 2209 3786; x_wconf 73' lang='lat' dir='ltr'><strong>aegrimdo.</strong></span> <span class='ocrx_word' id='word_1_369' title='bbox 2296 3699 2463 3768; x_wconf 76' lang='lat' dir='ltr'><strong>Nam</strong></span> <span class='ocrx_word' id='word_1_370' title='bbox 2504 3715 2727 3768; x_wconf 63' lang='lat' dir='ltr'><strong>ausos</strong></span> <span class='ocrx_word' id='word_1_371' title='bbox 2770 3699 2979 3768; x_wconf 76' lang='lat' dir='ltr'><strong>febres</strong></span> <span class='ocrx_word' id='word_1_372' title='bbox 3006 3701 3295 3768; x_wconf 82' lang='lat' dir='ltr'><strong>omnibus</strong></span> 
     </span>
     <span class='ocr_line' id='line_1_32' title="bbox 127 3803 1617 3952; baseline -0.001 -74"><span class='ocrx_word' id='word_1_373' title='bbox 127 3805 354 3894; x_wconf 64' lang='lat' dir='ltr'><strong>ucecia</strong></span> <span class='ocrx_word' id='word_1_374' title='bbox 397 3805 651 3878; x_wconf 75' lang='lat' dir='ltr'><strong>acutior</strong></span> <span class='ocrx_word' id='word_1_375' title='bbox 691 3805 1008 3878; x_wconf 86' lang='lat' dir='ltr'><strong>inuenitur</strong></span> <span class='ocrx_word' id='word_1_376' title='bbox 1048 3811 1117 3880; x_wconf 86' lang='lat' dir='ltr'><strong>et</strong></span> <span class='ocrx_word' id='word_1_377' title='bbox 1157 3803 1340 3952; x_wconf 78' lang='lat' dir='ltr'><strong>citius</strong></span> <span class='ocrx_word' id='word_1_378' title='bbox 1382 3805 1617 3878; x_wconf 84' lang='lat' dir='ltr'><strong>linitur.</strong></span> 
     </span>
    </p>
   </div>
   <div class='ocr_carea' id='block_1_10' title="bbox 324 3935 3487 4242">
    <p class='ocr_par' dir='ltr' id='par_1_10' title="bbox 324 3935 3487 4217">
     <span class='ocr_line' id='line_1_33' title="bbox 324 3935 3487 4094; baseline -0.002 -2"><span class='ocrx_word' id='word_1_379' title='bbox 324 4017 1012 4094; x_wconf 66' lang='lat' dir='ltr'><strong>xv11.cvaa&#39;no</strong></span> <span class='ocrx_word' id='word_1_380' title='bbox 1055 3935 1577 4093; x_wconf 70' lang='lat' dir='ltr'><strong>smocosvu</strong></span> <span class='ocrx_word' id='word_1_381' title='bbox 1621 3967 2033 4090; x_wconf 70' lang='lat' dir='ltr'><strong>snsmvn.</strong></span> <span class='ocrx_word' id='word_1_382' title='bbox 2142 3961 2149 3970; x_wconf 57' lang='grc'><strong>’</strong></span> <span class='ocrx_word' id='word_1_383' title='bbox 3362 4071 3369 4076; x_wconf 97' lang='grc'>.</span> <span class='ocrx_word' id='word_1_384' title='bbox 3474 4067 3487 4085; x_wconf 95' lang='grc'><strong>.</strong></span> 
     </span>
     <span class='ocr_line' id='line_1_34' title="bbox 327 4047 3295 4242; baseline -0.002 -42"><span class='ocrx_word' id='word_1_385' title='bbox 327 4129 776 4217; x_wconf 73' lang='lat' dir='ltr'><strong>synoquomm</strong></span> <span class='ocrx_word' id='word_1_386' title='bbox 803 4125 1073 4228; x_wconf 69' lang='lat' dir='ltr'><strong>{ebrium</strong></span> <span class='ocrx_word' id='word_1_387' title='bbox 1099 4131 1404 4198; x_wconf 83' lang='lat' dir='ltr'><strong>curantur</strong></span> <span class='ocrx_word' id='word_1_388' title='bbox 1435 4124 1786 4208; x_wconf 76' lang='lat' dir='ltr'><strong>deuotomo.</strong></span> <span class='ocrx_word' id='word_1_389' title='bbox 1822 4132 1899 4196; x_wconf 89' lang='grc' dir='ltr'><strong>ιιι</strong></span> <span class='ocrx_word' id='word_1_390' title='bbox 1924 4143 2125 4212; x_wconf 83' lang='lat' dir='ltr'><strong>usque</strong></span> <span class='ocrx_word' id='word_1_391' title='bbox 2152 4124 2236 4196; x_wconf 85' lang='lat' dir='ltr'><strong>ad</strong></span> <span class='ocrx_word' id='word_1_392' title='bbox 2264 4128 2635 4214; x_wconf 64' lang='lat' dir='ltr'><strong>angumn</strong></span> <span class='ocrx_word' id='word_1_393' title='bbox 2664 4052 2919 4242; x_wconf 78' lang='lat' dir='ltr'><strong>sanguis</strong></span> <span class='ocrx_word' id='word_1_394' title='bbox 2945 4047 3295 4198; x_wconf 74' lang='lat' dir='ltr'><strong>auferatur.</strong></span> 
     </span>
    </p>
   </div>
   <div class='ocr_carea' id='block_1_11' title="bbox 327 4351 1274 4427">
    <p class='ocr_par' dir='ltr' id='par_1_11' title="bbox 327 4351 1274 4427">
     <span class='ocr_line' id='line_1_35' title="bbox 327 4351 1274 4427; baseline -0.002 -12"><span class='ocrx_word' id='word_1_395' title='bbox 327 4359 363 4415; x_wconf 74' lang='lat'><strong>⁴</strong></span> <span class='ocrx_word' id='word_1_396' title='bbox 399 4351 793 4416; x_wconf 56' lang='lat' dir='ltr'><strong>&amp;dandam</strong></span> <span class='ocrx_word' id='word_1_397' title='bbox 859 4358 924 4414; x_wconf 75' lang='lat' dir='ltr'><strong>al</strong></span> <span class='ocrx_word' id='word_1_398' title='bbox 963 4357 1274 4427; x_wconf 53' lang='lat' dir='ltr'><strong>aunan-:-</strong></span> 
     </span>
    </p>
   </div>
  </div>
 </body>
</html>
