3634 4992
164 393 200 464 2

159 593 457 680 suscipere,
502 591 888 679 pinguiorem
935 611 1163 676 uquam
1209 590 1364 660 fucis
1407 592 1487 660 de
1529 611 1694 676 pune
1735 593 1941 660 infuso
1984 593 2218 678 optimo
2261 597 2329 659 et
2370 591 2585 675 coquis
2628 595 2695 657 et
2749 609 2891 656 eum
2947 607 3018 656 se
3070 589 3300 674 spisso.-

159 703 299 767 ucrit
335 705 400 766 et
441 699 610 766 fucta
653 697 844 766 fuerit
886 697 1164 778 sorbitio,
1211 703 1450 766 mutum
1481 697 1781 765 uirtutem
1812 698 2066 765 amittit.
2120 697 2459 766 Conficitur
2494 700 2705 764 nutem
2734 696 2853 763 sie:
2900 694 3080 779 punis
3108 713 3299 778 quam

158 806 537 872 calidissimus
581 802 896 888 frangitur
937 807 1006 870 et
1049 802 1399 871 infunditur
1454 803 1534 870 ed
1591 803 1782 872 tritus
1838 822 1980 873 cum
2048 822 2216 887 aqua
2268 802 2600 887 diligenter
2644 801 2932 885 coquitur
2958 819 3102 869 cum
3132 819 3301 884 aqua

159 918 214 976 ct
249 909 404 977 factu
445 895 782 976 soruitione
819 907 1035 1002 detur.
1126 906 1310 975 Item.
1403 907 1842 975 Febrientibus
1900 912 2149 992 oportet
2204 907 2509 976 hordeum
2564 927 2687 976 non
2733 907 2797 974 in
2839 905 2971 992 pila
3013 905 3298 988 tundere,

103 1039 130 1091 ι
157 1015 249 1082 sed
291 1035 486 1100 grana
525 1015 665 1098 ipss
706 1019 1038 1098 oppressas
1079 1013 1418 1082 extendere
1459 1014 1522 1080 iu
1549 1012 1886 1081 latitudine
1912 1019 1981 1081 et
2007 1031 2278 1112 coquere
2304 1015 2369 1081 in
2398 1033 2586 1098 aqua.
2666 1012 2859 1104 ⁸Prius
2888 1011 3052 1080 enim
3089 1012 3305 1096 tepida

159 1121 382 1187 mitiore
426 1125 491 1187 et
533 1117 852 1186 effundere
907 1123 976 1185 et
1031 1119 1261 1186 iterum
1297 1119 1494 1191 uuam
1539 1117 1994 1201 superfundere
2038 1137 2290 1202 equam.
2382 1118 2684 1200 coquitur
2725 1117 2941 1200 utique
2985 1117 3147 1184 bene
3190 1117 3299 1197 its,

157 1230 218 1291 ut
254 1245 374 1292 uua
416 1223 622 1291 emina
663 1222 882 1292 hordei
939 1223 1002 1290 in
1059 1223 1211 1290 dece
1267 1223 1506 1300 eininns
1563 1241 1747 1308 squoe
1803 1228 2132 1308 coquatur.
2222 1224 2528 1308 Goquitur
2569 1243 2722 1290 uero
2736 1275 2753 1304 ,
2814 1222 3115 1317 quamdiu
3158 1221 3303 1290 hor·

157 1330 290 1396 «leus
332 1330 548 1412 erepit,
595 1329 818 1395 deinde
861 1329 1191 1412 deponitur
1236 1333 1302 1394 et
1344 1325 1588 1394 colatur
1629 1333 1698 1392 et
1739 1327 1923 1395 dubis
1951 1328 2170 1395 bibere
2211 1327 2321 1406 sie,
2367 1329 2421 1395 si
2450 1327 2793 1396 cholericus
2840 1325 3067 1396 humor
3109 1325 3305 1394 domi-

155 1439 355 1517 natur3
402 1431 622 1516 quodsi
665 1450 788 1500 non
833 1436 934 1500 est
959 1431 1304 1500 cholericus
1347 1431 1591 1510 humor,
1639 1431 1820 1498 addis
1863 1431 2094 1514 potioni
2124 1431 2251 1499 mel
2278 1433 2462 1498 etsie
2488 1430 2687 1498 (louis.
2763 1431 2899 1497 Hoc
2925 1436 2993 1496 et
3018 1436 3306 1499 uentrem

75 1557 130 1611 ιο
155 1535 474 1604 secundnm
518 1535 728 1604 reddit
766 1539 834 1604 et
875 1535 1120 1604 urinam
1166 1539 1468 1621 prouocat
1508 1539 1576 1602 et
1616 1534 1820 1606 nutrit
1862 1535 2042 1607 bene.
2119 1535 2325 1606 Datur
2368 1539 2579 1606 sutem
2624 1539 2693 1605 et
2733 1533 2909 1605 altitu
2952 1527 3032 1605 de
3072 1535 3307 1606 hordeo

155 1641 320 1714 fricta
386 1647 454 1714 et
523 1642 870 1714 msecinatn
924 1643 1017 1712 its
1073 1647 1147 1712 ιιι
1201 1642 1410 1712 infusa
1466 1645 2040 1729 coquatur.}1oec
2094 1644 2260 1712 enim
2315 1647 2603 1712 uentrem
2646 1643 3034 1730 constringit.
3122 1645 3307 1714 Item.

107 1749 370 1819 Panem
415 1753 648 1820 siccum
691 1755 804 1819 sut
847 1751 1160 1820 recentem
1203 1749 1479 1828 infusum
1521 1749 1586 1819 iu
1633 1769 1802 1835 aqua
1846 1751 1997 1819 teris
2040 1769 2203 1819 uene
2244 1755 2314 1818 et
2353 1750 2522 1846 colas
2566 1750 2647 1819 ad
2691 1750 2975 1819 linteum.
3064 1749 3309 1819 Admis-

155 1856 234 1922 cis
272 1858 359 1938 ei,
407 1862 482 1924 ut
525 1841 735 1924 album
779 1873 904 1923 non
947 1855 1267 1937 uideatur,
1314 1873 1393 1922 ex
1436 1873 1598 1940 pone
1641 1875 1766 1924 oue
1808 1873 1952 1922 eum
1995 1855 2343 1923 cucumeris
2386 1873 2598 1923 semen
2652 1854 2797 1923 frixi
2841 1860 2955 1922 sut
2996 1854 3313 1940 amigdala

155 1965 259 2027 sut
297 1960 460 2028 nucli
504 1959 678 2045 piniu
735 1947 1014 2046 singulus
1071 1965 1184 2028 aut
1237 1960 1420 2029 ninas
1465 1959 1702 2046 species
1745 1961 1851 2029 uel
1895 1965 2096 2042 totus,
2156 1960 2257 2028 cui
2302 1959 2482 2029 addis
2526 1959 2836 2030 modicum
2880 1961 3155 2030 anissum
3200 1965 3314 2030 aut
3464 1964 3479 1980 ⁶

77 2087 128 2140 is
158 2084 354 2136 seiiien
399 2064 670 2136 feniculi.
760 2065 1199 2138 Febrieutibus
1241 2067 1310 2134 in
1353 2066 1556 2135 mulsa
1599 2068 1800 2148 dabis,
1848 2067 1983 2136 sine
2025 2064 2308 2154 febribus
2349 2067 2564 2134 uinum
2610 2063 3028 2151 superfundis.
3405 2096 3413 2104 ·

355 2171 622 2241 SVGVS
669 2171 786 2241 DE
832 2171 1181 2241 MlLLEO.
1269 2170 1464 2239 Millei
1522 2171 1732 2240 farina
1788 2177 1995 2240 torres
2051 2172 2134 2240 sd
2191 2145 2400 2260 ignem
2455 2176 2523 2240 et
2576 2191 2654 2240 ex
2696 2191 2772 2240 eo
2808 2171 3051 2244 fuctum
3094 2191 3312 2243 sucum

160 2277 328 2346 dubis
368 2279 461 2347 eis
505 2278 755 2361 bibere,
812 2279 1040 2365 quibus
1081 2283 1304 2346 uenter
1358 2299 1434 2345 ex
1492 2279 1865 2363 aegritudine
1920 2278 2240 2346 cholerum
2303 2279 2378 2364 (f.
2429 2279 2563 2362 ιδ’)
2624 2277 2981 2346 effusionem
3024 2279 3317 2347 lsuoront

157 2381 252 2449 uel
297 2383 520 2468 quibus
562 2383 823 2470 suptiles
866 2387 979 2452 out
1019 2382 1252 2452 multus
1295 2400 1574 2452 secessus
1616 2387 1736 2454 est.
1826 2383 2095 2470 Oportet
2136 2387 2349 2454 autem
2394 2403 2591 2480 aquas
2633 2380 2809 2454 luere
2852 2380 3120 2454 ferinam
3136 2435 3152 2467 ‚
3212 2383 3315 2454 uel

160 2489 274 2560 sic:
318 2491 578 2560 testatio
622 2491 777 2560 tritu
817 2489 1084 2578 oxybufo
1125 2511 1250 2560 uno
1291 2491 1356 2560 in
1381 2511 1582 2576 -ηιιιιω
1625 2489 1899 2580 oxybafa
1940 2491 2093 2560 dece
2135 2491 2305 2560 colus
2339 2510 2454 2575 per
2480 2491 2739 2560 linteum
2766 2492 3053 2575 spissum,
3098 2509 3319 2575 super-

71 2617 133 2672 m
163 2595 361 2665 fundis
403 2598 620 2666 uinum
667 2601 988 2665 austerum
1032 2596 1272 2665 modice
1313 2601 1380 2665 et
1422 2596 1510 2666 sic
1551 2597 1766 2683 coquis
1807 2602 1875 2670 et
1918 2597 2007 2666 sic
2051 2597 2166 2665 dus
2208 2613 2493 2684 seruere..
2534 2601 2545 2616 ·
2575 2596 2825 2682 Oportit
2852 2603 3064 2667 autem
3093 2598 3328 2667 addere
3397 2659 3402 2666 .

165 2721 342 2772 uoces
383 2723 522 2772 cum
567 2704 938 2772 membrana
993 2722 1112 2772 sus
1125 2752 1143 2784 ‚
1201 2719 1343 2785 qum
1399 2703 1752 2771 intrinsicus
1808 2703 2048 2772 habent
2061 2753 2078 2783 ‚
2137 2702 2201 2770 in
2258 2703 2535 2771 coctione
2589 2701 2743 2772 suci.
2830 2703 3014 2771 Item.
3103 2702 3328 2773 Auens

165 2806 566 2894 digestibilior
609 2814 708 2879 est
749 2809 1036 2879 omnibus
1076 2807 1478 2896 liguminibus
1519 2813 1587 2878 et
1629 2807 1889 2879 sorbitio
1933 2827 2011 2878 ex
2054 2828 2133 2878 es
2174 2807 2550 2880 hutilissims
2576 2815 2694 2880 est.
2775 2810 3079 2896 coquitur
3106 2830 3325 2897 quem·

164 2915 488 2986 admodum
533 2919 616 2988 de
656 2917 913 2999 hordeo,
959 2935 1179 2986 aueum
1223 2917 1448 3010 emine
1471 2933 1598 2983 una
1639 2919 1707 2983 et
1750 2933 1934 2999 aqum
1978 2911 2217 2984 eminus
2259 2913 2341 2984 X.
2390 2933 2393 2939 ·

371 3133 666 3202 xxxvl.
755 3132 954 3214 QVAE
998 3131 1220 3202 svm·
1265 3131 1463 3214 QVAE
1505 3132 1673 3203 PRO
1718 3131 1950 3202 OLEO
1994 3129 2447 3200 MITTENDA
2493 3129 2716 3205 st'r
2758 3131 2853 3201 IN
2898 3132 3327 3206 sulmmo-

75 3258 136 3310 25
169 3239 416 3310 Nlnvs
458 3239 876 3312 AEGROTIS.
964 3238 1100 3308 Mit·
1111 3239 1339 3308 endum
1383 3245 1482 3308 est
1523 3239 1587 3307 iu
1631 3238 2076 3309 sorbitionibus
2115 3257 2233 3324 pro
2274 3238 2411 3308 oleo
2453 3245 2687 3325 proeter
2741 3239 2805 3310 in
2850 3241 3103 3312 leuticia
3144 3261 3329 3312 cucu-

169 3347 352 3416 meris
392 3367 602 3418 semon
645 3347 909 3416 crudum
953 3350 1020 3414 et
1061 3349 1296 3414 tostum
1339 3345 1422 3413 sd
1465 3345 1673 3430 ignem
1729 3351 1797 3414 et
1852 3345 2073 3413 tritum
2129 3349 2199 3412 et
2238 3344 2516 3413 culstum
2568 3346 2775 3414 miscis
2817 3348 2882 3414 in
2924 3353 3223 3434 ptysunus
3264 3353 3332 3417 et

171 3455 386 3523 ceteris
427 3451 870 3524 sorbitionibus
913 3455 1027 3520 sut
1067 3449 1254 3522 nuclu
1298 3455 1412 3521 aut
1453 3471 1636 3522 noces
1681 3455 1795 3521 sut
1838 3449 2162 3521 suullunus
2219 3454 2335 3519 sut
2377 3449 2743 3539 amigdalus.
2834 3453 3075 3538 Quibus
3114 3441 3331 3526 'sutem
3366 3529 3371 3534 ,

171 3569 385 3630 uenter
426 3561 626 3632 fluens
670 3560 1100 3641 molestentur,
1149 3560 1345 3628 mittis
1386 3561 1720 3646 papaberis
1763 3561 1895 3629 ulbi
1937 3560 2133 3628 simen
2161 3559 2393 3627 lebiter
2418 3559 2649 3628 frixum
2678 3560 2789 3641 its,
2836 3566 2912 3627 ιιι
2938 3562 3167 3631 robrus
3196 3563 3331 3632 fist.

175 3663 590 3844 mnu&
630 3666 865 3755 oportit
907 3664 991 3736 od
1033 3663 1274 3736 bentris
1317 3663 1553 3736 fluxum
1595 3670 1664 3737 et
1705 3671 2035 3738 castaneas
2080 3683 2227 3737 cum
2268 3665 2563 3738 medians
2603 3686 2722 3786 sus
2762 3668 2994 3738 cortice
3050 3672 3118 3739 et
3158 3683 3335 3758 mog·

76 3789 146 3841 no
411 3795 455 3842 u

379 3988 710 4058 xxxva.
797 3977 1108 4059 ooc‘no
1166 3971 1572 4056 emotum.
1672 3985 1903 4071 coquis
1958 3985 2201 4054 semul».
2254 4002 2399 4053 cum
2456 4003 2653 4070 equs,
2721 3984 2822 4054 cui
2868 3962 3069 4056 addis
3131 3984 3338 4055 oleum
3396 4017 3406 4024 ·

187 4092 1770 4176 modiceetsuetmmsedsutelsusssemulsm.
1858 4093 2042 4162 Item.
2130 4088 3342 4178 Psuemffigidumirifuudisiuaquo

189 4195 380 4266 edida
431 4201 498 4268 ct
550 4197 911 4284 frequenter
963 4203 1196 4268 mutus.
1285 4195 1570 4266 infundis
1626 4201 1841 4267 sutem
1898 4197 1982 4266 de
2034 4215 2203 4284 pane
2255 4191 2521 4348 m
2560 4193 2943 4274 interiorem.
3044 4194 3340 4266 Mensura

391 4413 594 4486 fsque
686 4413 999 4470 totone-s
1089 4410 1332 4483 ivoque
1417 4413 1625 4482 siqua
1709 4409 1997 4468 ”sos-blo
2082 4411 2328 4484 mque
2395 4358 3347 4556 murm-dwn-

205 4521 486 4598 Um.
572 4497 924 4588 ”nodant-
994 4505 1223 4600 mdo.
