3634 4992
3294 195 3383 263 19

219 399 422 461 totum
465 392 748 460 fricando
793 397 860 458 et
902 411 1094 476 quam
1137 393 1404 476 plurime
1447 381 1654 470 cosas.
1743 397 1984 464 Deinde
2026 404 2275 480 oportet
2319 397 2523 482 ipsum
2565 398 2771 466 oleum
2823 399 3156 482 detergere
3197 408 3265 465 et
3306 401 3396 466 sic

222 499 676 566 transeundum
720 503 820 564 ost
864 497 969 564 ad·
990 497 1220 580 spinae·
1250 504 1463 582 partes
1505 505 1572 566 et
1615 505 1812 568 totam
1856 502 2098 586 spinam
2128 491 2358 570 fricare
2385 503 2692 570 similiter.
2780 503 2855 569 Iu
2900 503 3105 588 primo
3146 503 3399 586 quidem

219 607 446 674 siccam
491 603 740 672 adhibis
785 602 1131 670 frictionem
1189 609 1255 671 et
1310 605 1400 672 sic
1457 625 1737 692 unguere
1791 614 1860 675 ει
1916 614 2135 693 postea
2192 608 2417 684 iterum
2462 607 2547 675 ad
2588 614 2777 676 'coxas
2820 609 3091 676 transire
3104 659 3121 688 ‚
3178 607 3401 676 deinde

223 714 449 780 iterato
495 711 577 778 ad
622 729 844 778 manus
889 716 956 778 ει
999 711 1218 778 brucia
1273 712 1492 779 uenire
1547 719 1616 780 et
1671 715 1760 783 sic
1802 715 1885 783 sd
1936 716 2119 800 spina
2162 715 2419 788 reuerti.
2508 715 2671 782 Tota
2712 733 2867 782 uero
2910 714 3014 783 die
3056 714 3175 782 hoc
3216 715 3401 783 modo

221 817 507 885 faciendo
561 817 792 899 poterit
845 820 1141 900 aegrotus
1202 816 1284 883 ad
1344 817 1680 885 sanitatem
1735 820 1971 886 uenire.
2061 820 2476 890 Utilissimum
2534 825 2745 886 eutem
2790 825 2909 900 est,
2962 825 3035 886 ut
3075 821 3171 886 eis
3214 821 3402 888 detur
3436 838 3475 891 ⁶
3580 883 3585 886 .

221 923 302 992 ad
349 921 775 1006 accipiendum
819 921 1022 988 mulsa
1037 972 1054 1001 ,
1104 922 1166 988 in
1215 941 1346 1005 quo.
1393 929 1650 992 coctum.
1681 930 1781 992 est
1822 945 2102 1012 ysopum,
2150 930 2217 994 et
2256 943 2460 1010 neque
2500 925 2710 994 cibum
2754 945 2957 1010 neque
2998 925 3399 994 sorbitionem

220 1033 286 1096 et
327 1046 532 1112 neque
589 1045 820 1110 nquam
877 1026 1110 1110 oportit
1163 1027 1254 1094 eis
1311 1028 1497 1109 dure,
1559 1029 1668 1095 sed
1712 1047 1829 1096 nec
1869 1029 2324 1113 permittendus
2360 1036 2497 1120 est,
2556 1037 2631 1098 ut
2673 1019 2853 1100 bibat
2896 1030 2979 1097 ed
3022 1030 3397 1111 sutietatem,

226 1135 344 1201 nisi
389 1135 594 1200 mulsa
636 1135 772 1200 sola
813 1132 1098 1212 sufficiat,
1146 1134 1210 1201 in
1255 1134 1460 1202 tribus
1503 1135 1720 1218 primis
1763 1136 1987 1205 dicbus
2028 1155 2143 1221 per
2184 1136 2675 1205 antecessionibus
2718 1135 3071 1228 frictionum
3089 1189 3105 1216 ‚
3166 1142 3235 1204 et
3282 1136 3403 1204 hoc

223 1239 424 1307 solum
469 1244 717 1322 tempus
763 1257 804 1304 ιι
861 1237 1147 1304 frictione
1201 1239 1448 1320 requies
1503 1239 1655 1319 erit,
1711 1240 1774 1305 in
1832 1259 1957 1322 quo
2012 1259 2265 1309 somnus
2308 1241 2660 1308 accesserit.
2749 1241 2928 1322 Quod
2980 1242 3033 1308 si
3076 1241 3293 1324 pulsus
3335 1243 3399 1308 in

224 1345 316 1412 eis
360 1345 514 1411 satis
558 1362 909 1427 pel-paruus
954 1343 1146 1410 suerit
1185 1349 1254 1411 ει
1297 1344 1612 1411 inbecilles
1657 1350 1724 1412 et
1766 1346 2125 1428 inaequales
2144 1396 2161 1427 ‚
2220 1345 2479 1413 nimium
2536 1347 2599 1412 in
2644 1349 2921 1414 extremo
2963 1346 3237 1430 periculo
3280 1354 3401 1427 cst,
3448 1364 3519 1417 ιο

222 1449 389 1516 uude
432 1453 710 1533 oportet,·
744 1452 818 1514 ut
861 1467 958 1530 ea,
1004 1466 1168 1532 quae
1211 1448 1380 1515 dicta
1424 1454 1588 1529 sunt,
1635 1449 1788 1516 nihil
1836 1456 2126 1534 agantur,
2172 1450 2324 1533 quio
2368 1455 2633 1518 mortem
2678 1449 3006 1534 significat.
3075 1451 3143 1518 Si
3186 1458 3403 1518 nutem

222 1557 427 1622 uirtus
471 1555 798 1622 mediocris
841 1555 945 1635 sit,
992 1562 1058 1621 et
1099 1555 1318 1638 pulsus
1359 1561 1428 1622 ει
1469 1557 1835 1638 magnitudo
1877 1558 2011 1624 eius
2054 1576 2177 1625 non
2220 1557 2595 1640 opprimitur
2639 1561 2707 1625 et
2748 1556 3027 1640 aequalis
3070 1563 3187 1624 est.
3242 1559 3406 1626 Gon·

223 1659 620 1744 templnndus
663 1664 764 1727 est
806 1677 958 1743 ergo
1003 1659 1220 1744 pulsus
1261 1664 1330 1726 ει
1369 1665 1442 1727 ιιι
1485 1659 1720 1726 dictum
1763 1665 1878 1738 cst,
1926 1680 2082 1728 curu
2124 1667 2225 1728 est
2267 1660 2645 1728 mlliibendu.
2734 1661 2887 1728 Post
2928 1680 3080 1729 uero
3108 1661 3243 1729 dies
3272 1669 3407 1730 tres

223 1767 276 1832 si
320 1766 474 1832 nihil
519 1765 669 1831 mali
713 1771 1002 1832 occurrat
1015 1817 1032 1846 ,
1093 1766 1158 1832 in
1212 1765 1330 1832 hoc
1351 1767 1558 1849 *ipsut
1613 1772 1712 1833 est
1753 1767 2219 1850 perdurandum
2234 1817 2251 1846 ‚
2290 1786 2515 1849 usque
2558 1768 2641 1834 nd
2686 1768 3015 1851 septimum
3060 1767 3221 1834 diem
3268 1768 3408 1835 sola

226 1869 430 1936 mulsa
471 1873 736 1948 utentes,
781 1870 889 1937 ubi
933 1889 1194 1955 yssopus
1238 1875 1449 1938 coctus
1493 1875 1592 1937 est
1633 1876 1701 1938 et
1741 1873 1833 1938 sic
1876 1889 1989 1954 per
2033 1871 2152 1938 hoc
2192 1870 2588 1951 liberabitur,
2632 1872 2688 1937 si
2731 1891 2854 1940 non
2898 1856 3264 1951 excesserit,
3312 1873 3407 1938 in·
3450 1888 3521 1940 ιιι

225 1974 466 2041 firmus.
555 1976 632 2041 In
676 1975 914 2056 aliquot
954 1973 1431 2056 contemplanda
1473 1980 1621 2041 suut
1661 1975 1855 2042 etiam
1900 1981 1965 2042 et
2008 1977 2247 2050 uentris
2289 1975 2512 2043 officia.
2601 1977 2782 2056 Quod
2826 1977 2881 2042 si
2923 1995 3082 2044 uene
3110 1997 3233 2043 non
3262 1996 3407 2060 pro-

227 2079 513 2163 sequitur
554 2084 796 2160 uenter‚
843 2079 1128 2164 clysteris
1169 2083 1268 2147 est
1309 2077 1535 2166 edhiss'.
1567 2077 1965 2162 12⁸)bendus.
2054 2078 2220 2147 Nam
2258 2079 2313 2146 si
2344 2079 2609 2165 oinplius
2636 2095 2715 2148 cx
2742 2079 3071 2166 superfluis
3100 2087 3167 2147 ct
3192 2081 3406 2149 crudis

227 2184 594 2253 humoribus
638 2185 879 2253 solutus
923 2185 1099 2265 fluat,
1147 2204 1288 2250 mox
1315 2185 1396 2252 ⁴iu
1441 2185 1742 2268 principio
1807 2185 2073 2269 amplius
2116 2185 2381 2252 mulsum
2418 2187 2598 2268 coqui
2628 2191 2894 2269 oportet.
2968 2187 3149 2266 Quod
3176 2188 3231 2254 si
3259 2187 3403 2271 plus

227 2297 405 2358 cocta
449 2289 657 2372 fuerit,
704 2291 908 2359 minus
951 2291 1205 2357 deducit
1246 2295 1553 2358 uentrem.
1643 2289 1806 2357 Num
1852 2290 1905 2357 si
1949 2289 2089 2374 plus
2134 2295 2469 2374 coquatur,
2514 2290 2656 2373 plus
2699 2290 2895 2357 notrit
2934 2297 3001 2358 et
3044 2291 3250 2358 minus
3290 2292 3403 2358 de-

227 2397 418 2475 ducit,
464 2397 1006 2479 quemadmodum,
1052 2397 1109 2462 si
1151 2396 1391 2461 modice
1433 2401 1736 2477 coquatur
1779 2403 1893 2461 aut
1934 2395 2133 2462 cruda
2174 2395 2289 2474 sit,
2337 2395 2477 2478 plus
2521 2396 2773 2464 deducit
2814 2401 2881 2464 ει
2912 2397 3127 2463 minus
3170 2398 3399 2464 nutrit.
3442 2413 3523 2465 zo

228 2500 410 2581 Quod
453 2499 507 2568 si
551 2499 650 2567 his
695 2499 992 2567 adhibitis
1036 2498 1242 2566 adhuc
1283 2501 1507 2566 uenter
1549 2495 1704 2576 fluit,
1751 2498 1931 2564 dabis
1974 2515 2089 2581 pro
2133 2498 2339 2564 mulsa
2379 2503 2683 2584 ptysaunc
2725 2495 2961 2579 sucum,
3008 2501 3149 2567 etsi
3194 2501 3405 2568 adhuc

232 2608 430 2674 munit
471 2607 710 2674 uentris
755 2605 989 2686 effusio,
1036 2606 1118 2673 de
1161 2605 1322 2672 ulica
1364 2603 1702 2673 soruitione
1745 2602 1914 2672 facta
1955 2605 2158 2672 dabis.
2248 2603 2429 2685 Quod
2458 2605 2511 2672 si
2558 2603 2908 2672 inuecillum
2938 2623 3015 2674 ex
3043 2605 3222 2691 pulso
3254 2627 3404 2674 eum

230 2711 630 2780 didicerimus
687 2729 856 2792 esse,
913 2710 1240 2778 cadentem
1297 2710 1431 2776 eius
1487 2711 1819 2790 uirtutem,
1878 2726 2102 2792 panem
2161 2708 2433 2777 infusum
2479 2710 2541 2776 in
2589 2710 2735 2777 uino
2767 2709 2934 2797 ‘dare
2976 2712 3300 2790 conuenit,
3348 2713 3405 2778 si

193 2838 199 2846 ·
231 2835 433 2902 neque
477 2823 698 2885 uenter
739 2835 943 2899 neque
985 2818 1140 2900 cpni·
1185 2815 1733 2882 inflammationem
1777 2815 2090 2881 habuerit.
2136 2815 2314 2895 Quod
2359 2816 2415 2882 si
2460 2814 2743 2898 flegmon,
2789 2815 2955 2881 idest
2994 2813 3409 2884 inflammatio

231 2920 424 2990 fuerit
486 2923 703 3004 horta,
770 2923 852 2990 de
915 2921 1125 2990 crudis
1184 2921 1551 2990 humoribus
1608 2911 1881 3005 repletus
1933 2939 2161 3004 corpus
2217 2919 2353 2987 sine
2412 2939 2525 3004 spe
2580 2925 2679 2988 cst
2733 2919 3035 2988 infirmus.
3124 2920 3287 2989 Nam
3350 2922 3409 2990 si
3450 2937 3532 2990 2⁶

233 3029 496 3112 pingues
539 3029 834 3095 humores
894 3029 1050 3096 satis
1105 3047 1245 3095 esse
1301 3027 1709 3112 cognouerss,
1765 3025 2069 3112 oxymelle
2124 3045 2372 3110 semper
2429 3045 2545 3110 pro
2588 3026 2792 3093 mulsa
2832 3025 3035 3094 dabis.
3122 3027 3303 3109 Quod
3350 3029 3409 3095 si

231 3139 410 3200 extus
454 3134 645 3201 fuerit
687 3138 754 3199 et
797 3131 1088 3217 frigidam
1132 3133 1477 3216 potionem,
1523 3152 1665 3200 cum
1708 3151 1899 3241 sanus
1944 3129 2096 3212 fuit,
2155 3131 2501 3198 delectatus
2545 3135 2643 3218 est
2692 3131 2818 3210 uti,
2881 3128 3175 3216 frigidum
3220 3132 3411 3198 dabis

233 3239 562 3322 oxymelle3
609 3237 816 3305 hieme
857 3254 1010 3305 uero
1054 3237 1348 3305 calidum.

445 3379 866 3447 Reuertemur
909 3377 1104 3464 igitur
1145 3377 1375 3447 iterum
1419 3373 1502 3446 ud
1544 3396 1641 3458 ειι,
1688 3395 1853 3461 quae
1894 3374 2182 3444 diximus.
2270 3372 2545 3478 Maxime
2585 3378 2797 3442 ιιιιιειιι
2838 3373 2894 3442 si
2936 3373 3119 3460 perui
3162 3380 3231 3441 et
3270 3375 3413 3443 ruri

234 3485 300 3551 et
341 3484 510 3551 tardi
553 3483 718 3566 pulsi
761 3488 941 3564 sunt,
987 3483 1466 3552 existimandum
1509 3490 1640 3562 est,
1700 3481 1961 3566 frigidos
2016 3483 2079 3548 ln
2122 3499 2268 3548 eum
2312 3467 2451 3548 esse
2492 3481 2805 3549 humores.
2893 3481 3041 3562 Mox
3084 3487 3297 3548 autem
3342 3483 3413 3550 in
3458 3483 3543 3536 ⁸⁰

235 3589 352 3670 his,
398 3590 508 3673 qui
551 3588 742 3657 talem
786 3588 1027 3657 habent
1066 3588 1348 3672 pulsum,
1408 3593 1610 3656 totum
1655 3605 1881 3672 corpus
1922 3585 2221 3670 pallidum
2265 3590 2396 3667 est,
2456 3585 2805 3654 contrarius
2848 3590 2948 3677 est
2986 3585 3078 3653 eis
3122 3585 3415 3655 balneus.

237 3692 417 3772 Quod
462 3693 518 3759 si
561 3693 878 3778 sincopmn
935 3693 1078 3777 quis
1113 3694 1378 3776 patitur
1437 3698 1504 3759 et
1559 3693 1694 3760 sine
1737 3689 2039 3776 flcgmone
2082 3695 2231 3757 sunt
2270 3690 2409 3766 loca
2451 3689 2705 3768 uitalia,
2765 3671 2947 3756 danis
2988 3709 3249 3773 punem,
3296 3693 3417 3758 sed

233 3817 358 3868 non
401 3817 544 3868 cum
589 3799 787 3868 multo
829 3799 996 3881 uino,
1041 3801 1110 3868 ot
1151 3799 1381 3867 iterum
1425 3799 1508 3868 od
1552 3796 1897 3866 frictionem
1942 3793 2384 3864 reuertendum
2428 3798 2529 3862 est
2568 3794 2909 3863 secundum
2952 3786 3171 3864 ordine
3227 3813 3421 3881 prae-

235 3903 424 3971 dicto.
513 3904 756 3986 Quibus
808 3911 1020 3972 autem
1080 3904 1162 3971 de
1218 3902 1572 3974 choleribus
1627 3901 1807 3970 flauis
1872 3902 2121 3968 {edente
2176 3900 2495 3967 stomacho
2554 3901 2792 3984 sincopi
2856 3899 3016 3967 fiunt
3029 3951 3048 3982 ‚
3115 3900 3417 3985 frigidam

447 4133 482 4187 ὅ
517 4129 879 4202 utilissimum]
903 4133 966 4189 in
989 4147 1165 4204 nav-y.
1189 4147 1235 4188 s.
1261 4129 1394 4188 IX.-
1428 4131 1587 4189 Potio
1656 4132 1692 4185 8
1726 4126 2026 4199 sufficiat]
2000 4147 2064 4184 m
2088 4141 2262 4200 mom.
2286 4126 2333 4184 h.
2358 4126 2490 4184 IX.-
2524 4143 2633 4188 ιιοιι
2667 4127 2854 4184 bibere
2886 4127 3020 4184 ntis
3089 4128 3127 4180 fl
3172 4127 3423 4200 Quodsi]

243 4217 305 4272 in
338 4233 513 4290 mam.
536 4235 584 4276 ο.
604 4219 734 4275 IX.-
765 4221 954 4292 pulsu·
1027 4223 1092 4276 17
1128 4219 1398 4292 clysterio]
1433 4222 1498 4278 iu
1530 4236 1705 4292 mm.
1740 4235 1786 4276 ο.
1811 4217 1944 4275 IX.-
1978 4217 2159 4274 clister
2227 4218 2298 4273 26
2331 4231 2515 4286 sempe
2584 4217 2658 4272 20
2690 4213 2873 4287 dubis]
2909 4215 2973 4273 iu
3006 4233 3185 4288 mom.
3210 4233 3257 4274 s.
3285 4215 3431 4290 tx,-

242 4301 371 4359 Not.
409 4305 608 4362 oximel
643 4305 896 4416 frigidum
929 4307 1018 4364 uel
1053 4307 1284 4364 calidum
1354 4309 1427 4362 29
1460 4307 1531 4364 sd
1567 4315 1625 4364 e·
1653 4321 1793 4382 quse
