3634 4992
215 217 299 286 20

215 419 420 508 oportit
459 417 588 484 nini
632 415 858 484 offerre
899 415 1212 498 potionem
1273 413 1562 497 suptilem
1619 419 1689 482 et
1746 415 2007 482 rebeum
2062 420 2131 482 et
2186 419 2499 496 ueterem
2557 413 2761 498 magis
2806 414 2859 481 si
2905 412 3098 482 inerit
3138 413 3362 492 senior,

216 525 406 591 ninmn
445 523 627 591 danis
669 539 785 608 per
827 518 1106 606 singulas
1150 519 1270 589 cibi
1317 520 1704 605 acceptiones
1750 525 1816 590 et
1860 521 2063 606 magis
2105 522 2169 589 in
2213 521 2690 589 declinationem
2738 520 2811 606 (f.
2850 521 3005 605 13⁸).
3082 523 3367 590 Commo-

215 639 420 696 nentnr
459 647 612 695 nero
655 627 1036 695 accessiones
1095 645 1173 692 ex
1230 625 1330 692 his
1373 627 1741 692 humoribus
1796 643 1913 710 per
1972 625 2250 711 singulos
2293 626 2428 694 dies
2472 632 2539 694 et
2581 626 2784 713 magis
2827 626 2910 695 ad
2953 646 3223 713 uespera
3264 625 3391 727 uel¹

215 742 398 806 noctu.
483 734 648 805 Nam
693 753 736 803 a
777 751 962 802 mane
1003 750 1204 818 usqne
1249 731 1332 802 ad
1376 733 1637 802 meridie
1679 733 1855 802 nulla
1896 735 2226 820 patiuntur
2267 737 2696 806 commotione.

155 967 184 1021 5
401 947 670 1017 XXVII
758 945 1057 1016 GALINI
1117 945 1235 1015 DE
1293 945 1678 1016 SINCOPIS
1740 945 2043 1016 FACTIS
2102 947 2223 1016 Ex
2267 947 2858 1057 PLENITVDINE
2904 895 3369 1016 SVPTILIVM

217 1055 320 1120 HV
323 1055 650 1124 MORVM.

405 1159 470 1229 Si
515 1167 726 1230 antem
771 1179 848 1229 ex
893 1160 1104 1245 suptili
1149 1159 1412 1228 humore
1453 1158 1712 1242 sincopii
1755 1157 1937 1240 finnt,
1982 1161 2225 1228 curatio
2268 1161 2627 1230 ‘adhibenda
2668 1167 2787 1230 est
2810 1160 3128 1229 contraria
3152 1179 3377 1246 snpra·

215 1267 400 1334 dictae
441 1267 712 1351 passioni
757 1274 824 1335 et
865 1267 1180 1335 nutriendi
1238 1271 1384 1332 sunt
1439 1264 1746 1348 paulatim
1804 1270 1873 1332 et
1928 1265 2310 1348 frequenter.
2342 1335 2351 1342 ,
2400 1268 2461 1334 H
2466 1268 2507 1334 ii
2552 1268 2743 1334 etiam
2788 1265 3166 1334 insanabiles
3207 1271 3375 1343 sunt,

213 1372 259 1438 si
302 1391 449 1456 epar
491 1391 709 1440 eorum
757 1379 870 1442 aut
909 1377 1134 1440 uenter
1177 1369 1546 1458 flegmonem
1563 1423 1580 1452 ‚
1639 1371 1805 1438 idest
1862 1369 2175 1439 femorem
2232 1371 2349 1439 uel·
2388 1371 2941 1441 inflammationem
3002 1372 3379 1440 incurrerint

75 1565 82 1574 ,
127 1499 186 1550 ιιι
215 1483 618 1558 ιιοιιιτιιιιιιωιι.
709 1478 1034 1546 Deficienti
1094 1477 1258 1544 enim
1318 1477 1442 1544 iam
1502 1477 1740 1544 nii-tute
1795 1476 1861 1542 in
1906 1477 2019 1543 tali
2063 1477 2351 1560 passione
2392 1483 2461 1545 et
2502 1477 2773 1562 nigrum,
2821 1477 2997 1546 belut
3038 1483 3375 1557 mortuum,
3407 1551 3413 1558 ⁸

212 1581 412 1650 multus
453 1583 536 1650 sit
577 1581 968 1664 constitutusg
1013 1583 1219 1652 cibum
1265 1582 1578 1668 cogendas
1622 1586 1722 1650 est
1765 1582 2067 1666 accipere,
2114 1586 2191 1650 ut
2240 1583 2535 1678 densetur
2562 1584 2726 1654 cutis
2755 1583 3134 1670 superficies,
3164 1603 3398 1668 quem--

215 1690 537 1757 admodum
581 1691 647 1757 in
689 1689 986 1757 antelatis
1031 1690 1523 1756 rarefacicndam
1568 1688 1839 1756 diximus
1879 1693 2112 1756 entem.
2202 1690 2277 1756 In
2323 1689 2422 1756 his
2466 1709 2619 1758 nero
2663 1690 2987 1759 densanda
3014 1695 3130 1772 est,
3178 1689 3289 1759 sed
3317 1673 3411 1759 et'

215 1813 412 1863 aerem
467 1815 586 1883 pro
641 1795 766 1865 hac
823 1815 893 1865 re
937 1794 1232 1881 frigidum
1279 1795 1539 1865 facimus
1595 1796 1967 1881 praeparari
2010 1798 2078 1863 et
2120 1797 2495 1880 'unguendus
2537 1803 2639 1864 est
2679 1797 2817 1865 oleo
2859 1798 3109 1880 stiptico
3150 1807 3219 1864 et
3260 1798 3383 1864 cibi

216 1902 392 1969 dandi
437 1909 604 1981 sant,
648 1901 756 1984 qni
799 1919 923 1968 non
967 1901 1121 1968 satis
1166 1899 1541 1967 rareinciant
1583 1917 1828 1982 corpus,
1876 1897 1989 1965 sed
2032 1899 2291 1982 ualeant
2332 1899 2740 1984 conspissare,
2787 1901 3001 1985 qualia
3028 1907 3179 1969 sunt
3202 1899 3385 1987 panis

125 2026 185 2079 ιιι
217 2011 280 2073 ct
319 2007 512 2076 alicae
555 2006 924 2075 soniitiones
967 2011 1034 2074 et
1075 2025 1262 2092 poma
1306 2011 1561 2074 austera
1601 2009 1669 2074 et
1711 2023 1824 2086 ea,
1886 2023 2057 2089 qnae
2107 2003 2355 2074 difficile
2386 2013 2891 2092 corrumpantur,
2938 2013 3005 2075 et
3046 2008 3182 2076 sine
3223 2027 3388 2092 pane
3419 2082 3424 2088 ⁴

217 2113 418 2181 danda
459 2119 608 2180 snnt
649 2119 716 2180 et
759 2131 902 2181 cnm
947 2131 1130 2197 pane.
1222 2111 1448 2180 Danda
1490 2116 1636 2179 sunt
1677 2111 1874 2198 igitur
1916 2111 2017 2180 eis
2051 2129 2179 2180 oua
2218 2117 2311 2179 et
2308 2113 2590 2180 maxime
2616 2113 2879 2182 uitella
2862 2131 3160 2200 ipsarum,
3207 2113 3389 2183 danis

219 2219 400 2286 etiam
443 2225 509 2287 et
551 2219 888 2288 cerebellos
931 2219 1236 2305 porcinas.
1287 2219 1727 2287 Necessarins
1770 2217 1935 2286 enim
1980 2201 2082 2286 est
2122 2218 2216 2286 eis
2258 2223 2327 2286 et
2369 2237 2640 2302 aquosus
2668 2225 2736 2287 et
2762 2220 2944 2287 alb‘ns
2974 2221 3199 2288 uinus.
3246 2213 3391 2332 moin

220 2341 260 2388 a
299 2323 594 2408 principio
636 2329 705 2389 et
747 2341 937 2408 super
980 2324 1150 2390 cibos
1195 2324 1382 2389 datus
1425 2342 1584 2391 uene
1629 2322 1799 2391 facit.

346 2537 760 2610 ·xxvl11.,
816 2536 936 2604 Ex
981 2533 1208 2604 ALIIS
1254 2525 1871 2605 OCCASIONIBVS
1915 2535 2227 2618 QVIBVS
2273 2535 2539 2606 FIVNT
2582 2535 2917 2610 SINGOI’I
2962 2538 3286 2609 GALINI.

122 2665 188 2718 so
427 2643 588 2712 Snnt
642 2649 855 2712 autem
914 2649 983 2711 et
1039 2643 1200 2711 aliae
1256 2644 1604 2711 occasiones
1619 2693 1637 2724 ‚
1697 2663 1775 2711 ex
1836 2643 2064 2726 quibus
2108 2641 2267 2709 finnt
2314 2643 2571 2726 sincopi,
2617 2647 2947 2727 quattuor,
3007 2645 3173 2713 idest
3213 2645 3392 2715 dolor

216 2747 468 2831 nimias,
527 2748 958 2831 insomnietas,
1019 2747 1347 2817 enacnatio
1389 2749 1666 2835 corporis
1721 2747 1925 2817 multa
1966 2751 2034 2816 et
2074 2747 2183 2833 qui
2226 2747 2291 2816 in
2335 2746 2580 2832 frenese
2622 2749 2923 2819 incidunt.
3012 2752 3133 2821 Est
3174 2755 3392 2838 utique

219 2854 452 2938 quinta,
499 2855 551 2924 si
597 2856 832 2924 addere
875 2857 1256 2923 noluerimus
1299 2843 1876 2941 distemperantiam
1919 2856 2311 2940 principium.
2402 2856 2567 2922 Nam
2592 2858 2735 2923 ‘cito
2786 2859 2849 2923 in
2892 2859 3242 2940 perditione
3284 2877 3393 2925 ue-

218 2961 398 3027 niant
451 2962 531 3028 de
585 2961 792 3028 cordis
849 2961 1421 3044 distemperantiam
1439 3012 1456 3043 ,
1513 2962 1738 3029 deinde
1796 2960 1872 3048 (f.
1923 2959 2061 3044 13⁸)
2118 2958 2384 3040 cerebri,
2423 2950 2428 2955 ’
2474 2959 2763 3032 Tardius
2806 2967 3017 3030 autem
3076 2963 3149 3030 fit
3208 2969 3393 3048 epate

217 3066 662 3150 distemperata
705 3066 972 3136 hominis
1015 3067 1303 3150 perditio.

115 3303 182 3356 25
434 3277 769 3347 XXVIIII.
862 3278 978 3345 DE
1024 3278 1530 3347 DOLORIBVS.

435 3381 792 3468 stupendus
850 3381 1044 3466 igitur
1099 3381 1274 3451 dolor
1333 3387 1399 3449 et
1454 3401 1596 3451 cum
1655 3333 1909 3469 torpore
1966 3387 2033 3452 et
2091 3379 2369 3469 frigdore
2423 3379 2708 3454 efficitur.
2799 3383 2958 3453 Cum
3014 3382 3199 3471 pulsu
3241 3405 3395 3455 uero

219 3488 402 3558 dolor
442 3489 731 3574 proprius
773 3493 874 3557 est
915 3490 1139 3574 grandi
1183 3489 1674 3558 inflammationi.
1765 3490 1835 3557 Si
1877 3495 2111 3570 antem,
2155 3495 2232 3555 ut
2273 3489 2453 3572 spina
2480 3489 2688 3568 infixa,
2734 3489 2819 3556 sit
2844 3489 3021 3556 dolor
3050 3497 3164 3557 aut
3189 3491 3394 3574 ipsum

219 3594 428 3660 locum
443 3643 461 3674 ‚
521 3593 684 3662 sicut
737 3593 1055 3662 terebrari-
1105 3593 1396 3661 uideatur
1409 3645 1428 3676 ‚
1487 3593 1580 3662 ita
1635 3593 1869 3662 sentiat
1882 3645 1901 3676 ‚
1953 3593 2074 3664 hoc
2129 3594 2347 3679 pingui
2388 3594 2680 3664 intestino
2722 3593 3013 3680 proprius
3055 3595 3234 3666 dolor
3274 3604 3394 3667 est.

220 3699 408 3783 Quod
445 3701 502 3769 si
545 3705 688 3770 enm
731 3701 1063 3785 punctione
1105 3701 1190 3770 sit
1217 3700 1410 3782 dolor,
1455 3701 1520 3768 in
1551 3701 1933 3767 membranis
1960 3701 2261 3769 consistat
2286 3717 2539 3766 necesse
2566 3703 2685 3766 est.
2774 3699 3155 3770 Percurrens
3182 3703 3427 3788 autem*
3495 3771 3501 3778 ,
3540 3739 3545 3747 ‚

117 3825 188 3882 ω
221 3804 406 3874 dolor
446 3805 528 3874 do
567 3801 702 3875 loeo
745 3805 810 3874 in
853 3803 986 3875 loco
1033 3803 1155 3923 alio
1198 3797 1332 3875 hoc'
1359 3803 1720 3892 contingere
1773 3805 1919 3874 solit
1972 3825 2098 3875 non
2155 3806 2219 3875 in
2276 3802 2637 3892 emigraniis
2694 3803 2873 3887 solis,
2880 3830 2896 3845 ·
2921 3805 3032 3875 sed
3075 3812 3143 3875 et
3183 3807 3395 3892 capiti.
3472 3831 3476 3838 ·

223 3912 353 3980 Est
392 3917 604 3980 auoem
647 3929 1051 3996 percurrens,
1057 3912 1361 3994 qnando
1417 3911 1596 4002 uelut
1650 3928 1730 3978 ex
1787 3911 2103 3982 radicibus
2158 3911 2417 3996 incipiat
2470 3929 2551 3978 ex
2602 3909 2807 3994 primo
2847 3910 3111 3994 patienti
3153 3911 3289 3980 loco
3332 3919 3399 3981 et

223 4019 564 4104 percurrat
604 4014 827 4085 exindo
869 4016 933 4084 in
977 4016 1105 4096 alia
1146 4015 1302 4084 loca.
1392 4015 1551 4083 Cum
1607 4012 1890 4084 tensione
1945 4015 2139 4102 igitur
2182 4017 2238 4085 si
2280 4015 2356 4084 fit
2396 4015 2601 4109 dolor,
2656 4033 2734 4082 ex
2789 4020 3203 4102 utrorumque
3256 4037 3399 4086 ner·
3496 4043 3503 4050 ·

223 4139 456 4191 noram
499 4119 632 4190 loca
678 4121 974 4238 procedit,
1019 4126 1278 4236 propter
1321 4121 1488 4205 qnod
1531 4124 1598 4188 et
1638 4119 1920 4188 tenditur
1962 4120 2047 4189 ab
2089 4125 2394 4206 utrasque
2436 4101 2613 4262 lines.
2700 4109 2910 4222 Minus
2945 4128 3189 4205 autem,
3235 4123 3290 4192 si
3333 4123 3397 4191 in

449 4351 487 4406 8
521 4345 822 4422 supradicto
894 4349 961 4405 1⁸
993 4361 1135 4421 pano
1175 4362 1246 4405 ne
1279 4346 1461 4406 danda
