3634 4992
3328 406 3368 480 3

205 614 440 678 autem.
532 605 800 677 Labatio
842 605 1023 693 panis
1069 627 1190 676 non
1234 611 1493 694 propter
1536 608 1852 680 suauitate
1895 609 2031 680 sola
2072 609 2175 694 fit,-
2209 618 2285 682 ut
2325 633 2493 697 aqua
2536 612 2763 682 totiens
2806 619 3106 695 mutetur,
3151 615 3263 684 sed
3306 622 3377 684 ut

205 715 447 784 facilius
503 715 834 784 ebentetur
892 721 1007 784 aut
1061 716 1312 800 digerat
1365 715 1467 784 uel
1484 767 1501 796 ,
1560 715 1727 800 quod
1784 717 2291 786 iniennentatuni
2334 719 2399 786 in
2444 737 2513 788 se
2555 719 2785 800 habet,
2832 720 3104 790 amittat.
3193 721 3374 791 Item.

107 823 112 826 ’
205 823 516 908 Ptysanas
560 841 714 890 uero
757 822 954 890 mittis
997 841 1187 888 unam
1231 827 1478 906 partem
1521 828 1591 891 et
1631 823 1811 906 panis
1854 829 2070 907 partes
2112 823 2463 908 quindecim
2492 826 2641 894 sieoi
2673 831 2741 892 et
2766 827 2899 893 triti
2931 833 2999 894 et
3025 827 3116 895 sio
3142 829 3373 910 eequis,

208 927 406 996 donee
447 926 632 995 nimis
675 925 981 994 efficiatur
1025 925 1269 1010 suptilis
1315 926 1388 1013 (f.
1440 926 1577 1011 16¹⁵)
1623 932 1690 996 et
1731 929 1939 997 tritus.
2028 929 2259 1013 Coquis
2314 935 2525 998 autem
2584 929 2649 997 in
2694 943 2862 1014 aqua
2910 931 3145 1000 munda
3186 948 3373 1014 quam

56 1067 58 1070 >
205 1032 495 1115 plurima,
543 1038 618 1100 ut
660 1051 730 1100 εε
772 1034 1044 1116 eolligat,
1091 1033 1286 1100 mittis
1329 1037 1399 1100 et
1441 1035 1749 1102 modicum
1791 1035 1945 1102 sale.
2019 1035 2124 1102 Fit
2153 1036 2441 1102 etiam-et
2468 1055 2547 1103 ex
2588 1035 2817 1114 malbis
2843 1036 3123 1104 soruitio.
3198 1037 3375 1105 Folia
3406 1057 3438 1112 ε
3576 1053 3578 1084 =

205 1137 434 1205 maluae
477 1143 698 1206 tenera
741 1143 918 1205 cocta
959 1138 1094 1206 sine
1136 1139 1286 1206 uino
1329 1140 1483 1204 teris
1537 1139 1602 1205 iu
1660 1139 1956 1206 mortario
2009 1145 2076 1206 ει
2118 1139 2345 1206 iterum
2388 1140 2602 1222 coquis
2646 1140 2707 1207 in
2754 1159 2919 1224 aqua
2962 1146 3029 1207 et
3070 1141 3265 1208 salom
3312 1147 3377 1208 et

205 1244 411 1310 oleum
456 1249 524 1311 et
563 1262 688 1312 oua
730 1243 947 1325 mittis,
992 1243 1208 1327 eequis
1250 1243 1314 1310 in
1360 1262 1528 1328 aqua
1569 1249 1636 1311 et
1677 1245 2059 1313 incessanter
2102 1244 2327 1328 agium.
2418 1243 2559 1312 Non
2602 1245 2767 1313 enim
2810 1245 3265 1366 conspissatur,
3320 1247 3373 1314 si

207 1348 484 1518 agitetiur
529 1365 732 1430 neque
775 1347 1158 1432 glutinatur..
1217 1347 1444 1482 Melius
1485 1349 1650 1415 enim
1696 1348 1786 1430 fit,
1834 1349 1886 1416 si
1932 1349 1995 1415 in
2022 1367 2213 1434 posca
2240 1352 2568 1432 coquatur.
2643 1349 2749 1416 Sie
2776 1349 2937 1462 enini
2968 1356 3146 1418 eoota
3173 1351 3374 1434 magis

205 1452 382 1519 humi
424 1470 465 1519 a
507 1453 724 1518 munit.
3176 1499 3183 1506 .

417 1663 782 1734 XXXVIII.
874 1665 990 1734 DE
1035 1663 1345 1735 MvLsA.
1433 1664 1673 1734 Mulsas
1731 1684 1852 1734 non
1910 1666 2063 1734 satis
2117 1665 2440 1736 cholericis
2480 1648 2856 1735 inutilissima
2899 1670 3017 1735 est.
3108 1665 3375 1735 Cliolera
3408 1687 3469 1743 ιο
3577 1687 3578 1690 ’

56 1817 58 1820 ψ
152 1821 162 1833 .
207 1773 374 1840 enim
417 1765 496 1840 ex'
539 1791 617 1844 ea
661 1772 928 1857 amplius
971 1777 1478 1856 augmentantur.
1569 1772 1841 1856 Expedit
1882 1772 2076 1856 igitur
2114 1773 2208 1842 eis
2252 1791 2487 1860 aquosa
2530 1771 2732 1840 mulsa
2787 1772 3003 1841 bibere
3021 1824 3037 1855 ,
3097 1767 3206 1856 qu'i
3260 1773 3373 1841 uui
3576 1811 3578 1826 ·

207 1882 356 1944 sunt
397 1882 648 1944 natura.
739 1876 865 1944 Sed
934 1883 1004 1944 et
1057 1876 1177 1944 illis
1221 1877 1627 1960 aquatissima
1669 1876 1881 1943 danda
1920 1883 2053 1956 est,
2099 1877 2326 1960 quibus
2370 1876 2617 1944 infirma
2660 1877 2903 1944 uiscera
2944 1882 3124 1958 sunt,
3168 1878 3242 1946 id·
3278 1883 3377 1946 est

135 1975 140 1980 ’
207 2000 360 2066 epar
418 1988 530 2050 aut
591 1981 788 2067 splen.
879 1981 1219 2050 Conficitur
1273 1986 1484 2050 autem
1542 1982 1747 2050 mulsa
1802 1981 1921 2051 hoe
1977 1982 2194 2051 modo.
2254 1988 2480 2050 octana
2536 1981 2702 2050 enim
2744 2001 2895 2068 pars
2950 1983 3149 2052 mellis
3192 2003 3375 2069 aquoe

99 2154 103 2160 .
207 2087 522 2157 miscenda
578 2094 676 2156 est
719 2093 787 2157 et
826 2088 917 2157 sie
959 2089 1042 2156 ad
1085 2088 1252 2157 lento
1295 2089 1424 2174 igni
1467 2094 1568 2156 est
1607 2089 1957 2174 coquenda,
2012 2089 2111 2157 oui
2168 2109 2481 2172 spumam,
2530 2109 2721 2174 quam
2760 2089 2945 2173 facit,
2992 2107 3239 2175 semper
3278 2097 3377 2158 est

209 2192 555 2262 auferenda
599 2199 668 2261 et
711 2213 850 2260 mox
893 2194 977 2262 ab
1022 2193 1167 2278 igne
1209 2193 2321 2279 oessar1‚du111fuerit‹ln.pu1natus.
3413 2213 3470 2269 ιι
3577 2281 3578 2284 ¹

399 2401 816 2474 -xxxvml,
907 2403 1023 2473 DE
1084 2401 1598 2474 POTIONIBVS
1655 2403 1855 2488 QVAE
1896 2402 2285 2474 INFIRMIS
2330 2403 2850 2476 Exl‘EmvnT.
2939 2404 3378 2474 Febrientibus

207 2513 459 2596 quidem
503 2513 720 2582 hutilis
761 2517 860 2580 est
904 2511 1107 2580 mulsa
1151 2517 1266 2580 aut
1305 2512 1624 2598 oxymellis
1668 2513 1770 2582 uel
1815 2533 1999 2596 aqua,
2046 2533 2189 2597 qum
2234 2516 2473 2596 absque
2516 2513 2727 2596 aliqua
2750 2513 3211 2584 inordinatione
3232 2533 3378 2582 con·
3448 2599 3461 2611 ·
3576 2591 3578 2604 Α

209 2617 437 2689 ficitur.
527 2617 595 2686 Si
640 2617 881 2687 uentris
925 2619 1204 2686 turuatio
1233 2617 1298 2686 in
1328 2617 1610 2688 febribus
1638 2617 1831 2687 fuerit
1858 2619 1960 2689 uel
1989 2618 2251 2700 uomica,
2298 2617 2597 2703 stipticus,
2644 2619 2737 2687 sin
2769 2618 2973 2688 minus
2998 2619 3375 2702 eonstrictio‚

55 2807 63 2816 ‚
147 2781 152 2788 .
208 2723 442 2795 duloes.
530 2723 818 2794 Insundls
859 2743 1012 2808 ergo
1055 2725 1284 2792 extatis
1327 2731 1608 2809 tempore
1651 2725 1863 2794 dulces
1918 2725 2083 2793 mela
2127 2725 2320 2792 incisa
2362 2725 2706 2808 suptiliter,
2763 2723 3035 2792 infundis
3078 2725 3141 2792 in
3186 2743 3375 2809 aqua,
3576 2803 3578 2806 Α

99 2881 104 2888 ·
209 2830 405 2901 donee
447 2831 760 2901 coloretur
802 2836 916 2901 aut
980 2830 1151 2901 mala
1204 2830 1468 2919 cydonia
1526 2836 1776 2902 matura
1832 2831 2024 2900 incisa
2079 2829 2385 2900 similiter.
2476 2831 2673 2900 Dauis
2716 2837 2929 2900 autem
2972 2831 3225 2902 cholera
3264 2851 3379 2902 uo·
3410 2852 3475 2907 so
3577 2889 3578 2908 2

207 2937 538 3019 mentibus,
584 2955 729 3021 quae
772 2955 850 3004 ex
895 2937 1076 3006 malis
1119 2938 1394 3025 cytoneis
1438 2937 1511 3005 fit
1553 2956 1740 3022 aqua.
1808 2936 1909 3005 Ad
1952 2936 2192 3004 uentris
2235 2955 2388 3004 uero
2432 2936 2797 3005 solutionem
2824 2955 2904 3006 ex
2932 2939 3099 3022 peris
3126 2937 3378 3006 ontificis
3576 2937 3578 2952 '

210 3063 460 3131 aquam.
551 3043 716 3115 Nam
759 3048 827 3115 et
868 3045 1120 3131 stiptiea
1160 3052 1227 3116 et
1270 3045 1467 3117 duleis
1509 3053 1627 3116 est.
1717 3045 1943 3133 Myrtoe
1987 3043 2181 3132 igitur
2224 3043 2441 3114 molles
2485 3043 2635 3114 folia
2676 3043 3085 3114 infunduntur
3128 3045 3191 3114 in
3227 3045 3377 3115 uino
3576 3079 3578 3114 ι

210 3149 390 3220 dulci
419 3156 487 3220 et
525 3151 794 3220 efficitur
847 3153 1034 3221 uinus
1092 3153 1331 3237 absque
1385 3152 1829 3222 mordioatione
1882 3156 1949 3220 et
1990 3151 2147 3220 lenis
2190 3155 2289 3220 est
2329 3151 2520 3235 potio.
2610 3150 3032 3220 Infuuduntur
3072 3151 3264 3220 etiam
3309 3158 3379 3220 et
3576 3163 3578 3248 3

209 3263 518 3328 sementes
559 3277 726 3328 uuae.
816 3259 972 3328 Haee
1015 3264 1227 3328 autem
1271 3259 1466 3328 coctio
1509 3259 1724 3328 hutilis
1765 3265 1864 3328 est
1918 3256 2155 3326 nullam
2211 3256 2452 3398 habens
2504 3257 2571 3325 in
2614 3275 2685 3326 se
2727 3257 3065 3327 ueridinem
3110 3256 3185 3345 (f.
3236 3258 3375 3342 17·)
3576 3259 3578 3296 ³

208 3384 413 3450 neque
455 3365 519 3434 in
565 3371 753 3450 gustu
797 3359 1115 3434 seidonica
1157 3366 1327 3450 potio
1369 3364 1654 3444 efficitur.
3410 3383 3476 3437 ει

371 3577 558 3647 XL.
650 3577 767 3645 DE
813 3576 1231 3646 LACTIBVS
1277 3576 1555 3647 RVFVS
1600 3576 1965 3646 Avo'ross.
2054 3577 2173 3657 Qui
2207 3577 2435 3646 lactem
2467 3581 2798 3662 potaturus
2824 3584 2941 3656 est,
2974 3577 3057 3644 ab
3086 3577 3377 3644 omnibns

209 3683 386 3754 cinus
428 3687 527 3754 est
569 3681 993 3767 abstinendus,
1040 3681 1238 3753 donec
1280 3681 1528 3770 digerat
1568 3687 1636 3754 et
1677 3681 1917 3753 uentris
1960 3683 2409 3769 plenitudinem
2440 3683 2729 3771 deponat.
2818 3683 3005 3756 Utilis
3034 3684 3223 3754 etiam
3253 3691 3377 3768 est,

209 3791 263 3858 si
307 3807 491 3856 mano
534 3790 809 3868 bibatur,
857 3785 1351 3874 mox‘mulgitur‚
1399 3789 1492 3856 ita
1531 3795 1608 3856 ut
1648 3807 1692 3857 a
1732 3788 1873 3857 cibo
1886 3839 1904 3868 ‚
1949 3789 2057 3872 qui
2101 3789 2352 3872 biberit,
2398 3791 2791 3860 abstineatur
2832 3793 2900 3857 et
2940 3788 3131 3858 nimio
3174 3807 3381 3856 remo-

208 3898 400 3972 batur
457 3881 696 3966 labore.
786 3893 950 3965 Nam
1008 3893 1063 3965 si
1106 3894 1566 3978 lauoraberint,
1621 3913 1874 3965 neeesse
1915 3900 2042 3978 εει,
2089 3901 2179 3966 ιιι·
2206 3895 2471 3982 wisent,
2519 3897 2629 3967 sed
2671 3895 3111 3984 quiescendum
3154 3903 3225 3966 ει
3266 3897 3425 3966 de·-

210 4001 657 4069 ambulandum
711 3999 937 4069 leniter
991 4005 1058 4069 et
1112 4000 1494 4086 bigilandum
1553 4004 1653 4068 est
1706 4004 1774 4068 et
1829 4000 2144 4068 interdum
2194 4001 2657 4090 quiescendum.
2746 4001 2851 4070 Sic
2906 4001 3074 4069 enim
3116 3999 3376 4082 ῖεείειιε,
3412 4019 3479 4074 ω

208 4127 352 4176 ειιιιι
395 4107 600 4192 prima
642 4107 812 4191 potio
855 4104 1047 4174 fuerit
1087 4111 1306 4193 egesta
1346 4123 1462 4190 per
1505 4111 1746 4188 uentre,
1793 4105 1983 4173 aliam
2025 4093 2225 4175 bibat.
2299 4107 2374 4175 In
2404 4097 2623 4191 primis
2650 4123 2803 4190 ergo
2831 4124 2975 4174 enm
2999 4106 3382 4191 purgauerit

209 4212 389 4293 bene,
434 4211 590 4278 nibil
632 4211 837 4279 minus
878 4209 1030 4279 facit
1072 4213 1140 4277 et
1180 4227 1468 4294 sequens.
1557 4210 1677 4279 Illa
1718 4227 1871 4277 uero
1884 4259 1901 4292 ‚
1955 4211 2081 4293 que
2137 4211 2553 4280 remanserint
2608 4209 2672 4278 in
2716 4215 2939 4278 uentre
2952 4259 2971 4290 ‚
3016 4227 3133 4296 per
3176 4227 3380 4278 uenas

210 4315 565 4386 ministrata
605 4317 893 4387 nutriunt
933 4320 1001 4387 et
1043 4315 1188 4392 iam.
1211 4333 1483 4388 seem
1525 4335 1648 4386 non
1692 4315 1950 4387 ιεείιιιιι.
2019 4315 2349 4388 cholerica
2388 4335 2545 4387 uera
2586 4335 2807 4404 reuma
2846 4315 2949 4386 uel
2978 4333 3076 4402 ea,
3121 4335 3265 4402 qum
3295 4335 3379 4387 ex

421 4547 648 4617 noque.
761 4547 826 4595 .'
