3634 4992
241 291 308 338 vt

241 465 384 548 pelli
431 464 684 532 turbam
727 481 866 530 esse
909 481 1072 542 usos,
1113 441 1256 528 'tum
1300 462 1765 544 antiquissimas
1815 461 2146 544 scriptura
2204 477 2403 526 sacrm
2460 458 3003 542 interpretationes
3019 509 3036 538 ,
3091 476 3251 541 quas
3306 477 3433 525 uno

239 588 456 638 omnes
499 567 680 637 ltalae
721 567 970 637 nomine
1011 565 1542 653 comprehendere
1584 571 2043 636 consueverunt
2069 564 2272 646 huius,
2285 563 2403 634 oevi
2433 563 2734 647 homines,
2779 583 2899 634 nee
2924 584 3047 633 non
3078 564 3207 634 alia
3232 565 3427 650 scrip-

241 682 448 743 torum
489 674 1050 742 ecclesiasticorum
1093 692 1289 757 opera
1329 680 1524 756 atqiie
1552 674 1751 758 ipsam
1781 693 1861 740 ex
1889 667 2075 756 parte
2102 671 2446 758 vulgatam
2478 673 2561 740 ab
2592 671 2973 757 Hieronymo
3003 671 3429 750 constitutam,

241 779 672 867 inscriptiones
714 785 1029 866 proeterea
1071 779 1306 848 multas
1348 785 1414 848 et
1457 799 1672 849 sacras
1726 783 1796 848 et
1847 778 2145 872 profanas
2160 830 2178 859 ,
2238 777 2508 863 (lenique
2564 777 2953 864 singularum
3008 776 3429 856 scientiarum,

241 891 316 952 nt
359 885 512 954 iuris
555 885 927 971 prudentius,
972 885 1316 972 medicinae,
1364 885 1812 970 grammaticae,
1860 883 2320 965 architecturae,
2368 884 2461 952 rei
2502 883 2755 952 rusticae
2769 935 2788 964 ,
2832 881 3211 966 coquinariae
3226 933 3243 964 ‚
3290 901 3432 968 gro-

241 993 488 1060 maticte
531 992 878 1061 enchiridia
919 984 1262 1078 composita
1304 1011 1444 1060 esse
1485 995 1875 1077 compertum
1920 995 2039 1059 est.
2085 988 2362 1072 Accedit,
2409 990 2579 1075 quod
2608 989 2772 1058 idem
2802 1008 3007 1058 sermo
3036 994 3105 1057 et
3132 988 3433 1073 antiquis·

241 1099 540 1166 simorum
586 1098 720 1167 fere
763 1103 1091 1167 auctorum
1136 1096 1508 1167 Latinorum
1553 1097 1674 1164 fuit
1717 1107 1784 1164 et
1809 1115 1928 1180 pro
1955 1096 2091 1180 ipso
2120 1096 2606 1163 Romanicarum
2628 1087 2795 1179 'quas
2824 1101 3051 1164 vocant
3076 1094 3432 1180 linguarum

241 1200 416 1270 fonte
457 1206 558 1271 est
595 1201 947 1272 habendus.
1005 1203 1080 1272 1n
1096 1222 1234 1288 ¹quo
1262 1201 1734 1287 perscrutando,
1775 1207 2128 1286 postquam,
2175 1201 2498 1287 indignum
2541 1220 2711 1282 sane,
2759 1201 2867 1269 diu
2912 1221 2992 1269 ea
3034 1201 3351 1285 provincia
3395 1221 3438 1268 a

241 1307 394 1376 viris
435 1307 634 1377 docfis
677 1309 965 1394 neglecta
1008 1307 1146 1391 fuit,
1191 1309 1494 1394 praeclare
1531 1326 1732 1392 nuper
1769 1307 2003 1374 meruit
2030 1307 2221 1390 Huqo
2250 1305 2745 1374 Seleuciam-deins
2772 1305 3023 1390 scriptis
3048 1306 3131 1374 tle
3157 1306 3436 1392 vulgaris

240 1412 476 1498 lingum
505 1415 748 1482 Latium
794 1415 1126 1484 vocalismo
1170 1415 1374 1484 tribus
1405 1411 1819 1483 voluminibus
1864 1433 1925 1481 a.
1956 1405 2352 1484 1866-1868.
2396 1413 2668 1482 Multum
2698 1414 2761 1482 in
2792 1413 3013 1481 eadem
3041 1413 3272 1499 linguae
3303 1412 3432 1480 vul·
3533 1401 3559 1496 '⁶

243 1521 416 1600 garis
480 1526 665 1602 parte
707 1519 1080 1588 illustranda
1125 1519 1469 1587 comeum
1532 1537 1782 1603 quoqne
1840 1517 2105 1606 profecit
2160 1517 2243 1584 ‹le
2299 1519 2604 1586 sermonis
2663 1517 2873 1587 Latini
2931 1517 3436 1603 pronuntiatione

242 1623 407 1694 libro
449 1624 680 1694 iterum
723 1625 893 1696 edito
937 1645 998 1696 a.
1035 1629 1432 1697 isos-1870.
1465 1625 1706 1694 Deinde
1741 1623 2149 1693 Her-mannus
2176 1623 2558 1694 Roenschius
2586 1625 2885 1695 diaeonus
2915 1626 3435 1695 Lobenstenensis

242 1733 311 1798 in
355 1733 682 1815 scripturae
726 1751 924 1800 sacrm
968 1733 1552 1816 interpretationum
1597 1737 1881 1798 veterum
1926 1731 2331 1798 Latinitatem
2378 1731 2845 1818 accuratissime
2901 1730 3220 1814 inquisivit
3273 1749 3437 1813 prm·

242 1838 416 1906 claro
446 1835 551 1904 illo
580 1855 842 1906 summm
886 1836 1225 1923 diligentiae
1269 1855 1480 1922 opere,
1525 1837 1627 1905 cui
1671 1835 1893 1905 titulus
1935 1842 2072 1906 est:
2121 1831 2289 1904 Itala
2333 1836 2463 1905 und
2504 1835 2805 1921 Vulgata,
2863 1857 2925 1904 a.
2979 1842 3146 1905 1875
3205 1837 3435 1904 iterum
3504 1849 3507 1852 ’

245 1943 434 2010 edito.
482 1942 768 2024 Denique
810 1941 910 2010 his
953 1941 1120 2027 ipsis,
1166 1943 1396 2026 quibus
1439 1941 1578 2009 haec
1619 1941 1845 2021 scribo,
1892 1940 2114 2010 diebus
2156 1939 2522 2009 Valentinus
2562 1939 2803 2009 Rosem
2846 1939 3030 2010 Plinii
3062 1941 3332 2010 Secundi
3370 1946 3439 2010 et

244 2047 514 2134 Gai-gilii
559 2046 868 2119 Martialis
911 2047 1251 2117 medicinas
1295 2048 1386 2116 ita
1429 2047 1743 2128 tractavit,
1789 2052 1864 2115 ιιι
1908 2047 2233 2134 nocuum
2261 2047 2571 2117 indicibus
2599 2047 2935 2119 uberrimis
2964 2031 3261 2118 subiectis
3288 2048 3439 2119 huie

246 2171 496 2236 qnoque
539 2151 638 2220 de
662 2153 907 2238 vulgari
949 2172 1236 2222 seniione
1278 2152 1607 2236 quoestioni
1635 2152 1869 2235 optime
1896 2153 2269 2221 eonsuleret.
2315 2145 2464 2220 Jai'n
2492 2153 2645 2236 quia
2672 2153 2945 2222 oribasii
2977 2153 3177 2221 versio
3209 2152 3439 2222 Latina

247 2257 584 2328 Beruensis
625 2275 705 2328 ea
749 2277 820 2328 re
862 2277 1054 2344 quam
1096 2257 1436 2344 plurimum
1479 2276 1522 2327 a
1563 2257 1807 2340 ceteris,
1854 2276 1999 2343 quse
2056 2259 2241 2328 modo
2292 2258 2442 2341 (lixi,¹
2482 2259 2751 2344 'scriptis
2803 2258 3033 2342 differt,
3090 2259 3259 2345 quod
3312 2278 3435 2329 non

246 2364 480 2450 passim
523 2369 714 2432 eertae
756 2366 1060 2434 sermonis
1101 2365 1378 2450 vulgaris
1420 2365 1762 2432 locutiones
1803 2383 1921 2448 per
1962 2383 2104 2432 eam
2148 2367 2389 2449 sparsis
2417 2363 2732 2452 leguntur,
2778 2365 2891 2433 sed
2920 2369 3056 2433 tota
3083 2367 3206 2434 isto
3234 2365 3443 2434 eolore

248 2470 448 2539 tincta
488 2475 616 2552 est,
663 2470 716 2540 si
731 2521 750 2552 ‚
795 2489 940 2556 quae
983 2469 1109 2542 lmc
1151 2469 1467 2552 iacerent,
1512 2470 1899 2556 collegissem
1946 2476 2138 2554 atque
2192 2471 2315 2540 sub
2370 2490 2498 2539 uno
2558 2471 2769 2540 omnia
2824 2477 3161 2556 eonspectu
3216 2491 3442 2557 propo-

247 2575 531 2656 suissem,
577 2574 749 2643 hami
793 2575 910 2644 abs
953 2593 1028 2644 re
1069 2573 1206 2644 fore
1247 2579 1428 2644 ratus
1471 2575 1555 2643 sd
1597 2574 2004 2660 quastionem
2050 2574 2223 2644 illam
2266 2575 2751 2662 promovendam
2771 2576 2862 2645 -de
2890 2575 3136 2647 ‹lieendi
3162 2577 3442 2664 proprie-

248 2685 386 2750 tate
427 2680 492 2750 in
536 2679 636 2750 his
678 2680 1048 2770 fragmentis
1089 2683 1276 2752 obvia
1317 2683 1410 2752 ita
1429 2669 1434 2674 ⁴
1450 2681 1728 2766 quesivi,
1789 2686 1864 2750 ut
1918 2681 2208 2767 ascriptis
2262 2683 2705 2752 Schuchardtii
2762 2684 2887 2772 (8),
2948 2685 3267 2754 Roensehii
3326 2684 3439 2773 (R)

251 2787 440 2856 Rosci
471 2787 676 2875 (Ros.)
707 2787 856 2858 locis
885 2788 1191 2859 similibus
1218 2787 1437 2874 primo,
1485 2807 1630 2874 quoe
1657 2788 1741 2856 sd
1769 2787 2285 2874 orthographiam
2314 2790 2693 2875 spectarent,
2737 2809 3169 2876 proponerem,
3215 2791 3443 2860 deinde

249 2913 330 2961 ea
348 2899 710 2976 traetmm,
741 2913 885 2978 qum
915 2895 998 2964 ad
1027 2896 1503 2982 grammaticam
1533 2901 1602 2964 et
1621 2895 1945 2964 formalem
1968 2901 2037 2964 et
2054 2897 2466 2998 syntactieam
2486 2896 2893 2980 pertinerent,
2924 2897 3145 2965 ultimo
3174 2896 3444 2980 (lenique

249 2997 388 3068 loco
429 3000 690 3070 Groecas
730 2999 1071 3072 locutiones
1115 3001 1357 3072 Latinus
1399 3000 1711 3140 aumixtas
1753 3019 1885 3071 una
1922 3019 2068 3072 cum
2110 3001 2423 3072 rariorum
2465 3001 2804 3117 verborum
2849 3002 3216 3075 Latimrum
3252 3003 3445 3129 copia
3578 2999 3583 3006 ’

249 3125 705 3193 percurrerem.

467 3423 761 3505 Ceterum
827 3421 988 3493 haec
1052 3355 1358 3494 lectorum
1422 3423 1903 3494 benivolentiam
1968 3422 2285 3512 corrigere
2340 3425 2558 3496 velim.
2635 3445 2702 3512 p.
2750 3433 2811 3508 2,
2866 3431 2947 3496 13
3014 3445 3261 3495 comma
3300 3433 3445 3513 post

252 3527 556 3600 uideatur
599 3529 942 3598 tollendum
985 3536 1054 3599 et
1093 3535 1238 3615 post
1269 3551 1445 3614 pone
1484 3529 1863 3615 ponentium.
1906 3565 1997 3581 —
2040 3549 2106 3616 p.
2154 3540 2215 3612 3,
2263 3537 2346 3602 27
2392 3533 2571 3615 eiuis.
2615 3567 2697 3584 —
2762 3549 2828 3616 p.
2877 3540 2939 3612 3,
2990 3539 3074 3601 33
3132 3551 3329 3602 uero.·
3352 3569 3443 3583 —

251 3653 317 3721 p.
347 3641 412 3718 4,
452 3639 530 3704 17
576 3619 823 3704 comma
861 3640 1007 3721 post
1045 3633 1196 3705 haec
1239 3634 1440 3719 tollas,
1485 3653 1684 3722 ponas
1717 3641 1865 3722 post
1888 3637 2000 3705 est.
2028 3673 2119 3686 —-
2161 3633 2227 3722 p.
2256 3643 2321 3720 4,
2355 3643 2440 3708 25
2484 3657 2730 3707 comma
2770 3644 2915 3724 post
2962 3635 3193 3707 Libius
3232 3639 3441 3708 tollas.

254 3742 3445 3829 —p.5,1seommapostodeeponas.-p.7‚loindigestionaa.-p.11,2eeomma

251 3843 784 3940 mamistria
834 3864 1054 3931 ponas.
1104 3879 1194 3897 —-·
1258 3853 1477 3932 p..15‚
1526 3855 1611 3918 24
1669 3848 1921 3916 nutriri.
1992 3883 2071 3899 -
2148 3853 2252 3930 15,
2299 3855 2385 3916 26
2442 3867 2690 3918 eomms
2740 3848 3308 3935 postjobmdei.
3350 3885 3443 3902 -

251 3969 323 4038 p.
369 3958 474 4036 18,
523 3950 1345 4038 nempodissemibilitns.
1388 3972 1586 4039 —p.
1637 3959 1741 4036 11,
1788 3961 2373 4042 29ρωοι-ρ.
2419 3961 2526 4039 22,
2578 3962 2607 4024 1
2669 3955 2988 4042 inponere.

1635 4257 2061 4274 cumb-*o'wfflv
