3634 4992
155 1514 160 1520 Ι
291 1423 604 1506 permanit
647 1423 1011 1490 turbulenta
1054 1429 1196 1492 aut
1209 1429 1382 1492 εει-,ιε
1425 1424 1576 1491 facit
1617 1424 1854 1492 munda
1894 1429 1961 1490 et
2000 1431 2145 1508 post
2187 1415 2495 1492 modicum
2538 1423 2807 1492 esiieitur
2848 1426 3238 1494 turbulenta·
3286 1429 3456 1510 peior

140 1917 146 1922 ,
216 1856 225 1869 ·
294 1862 432 1910 esse
474 1845 866 1928 cognoscitur
908 1845 1030 1923 ita,
1090 1863 1235 1910 eum
1277 1845 1464 1910 urina
1505 1844 1816 1911 manando
1860 1845 2231 1924 effunditur,
2287 1851 2356 1912 et
2410 1851 2691 1936 uocatur·
2715 1845 3004 1912 diabetis.
3093 1847 3268 1912 Haec
3310 1865 3453 1930 ergo

291 685 626 765 antequam
674 681 998 768 mitigetur
1040 678 1234 766 rigor.
1322 664 1472 758 Ἠοο
1505 686 1714 774 autem
1759 701 1883 751 nou
1926 687 2211 752 oessante
2260 663 2618 770 inpossibile
2660 688 2791 766 est,
2849 687 2926 753 ut
2978 689 3214 753 statum
3275 682 3459 753 faeiat
3534 733 3543 742 -
3580 689 3582 766 !

161 817 164 822 ·
292 788 638 872 aegritudo,
686 788 768 854 de
809 807 938 870 qua
982 807 1052 854 re
1096 789 1298 872 magis
1339 807 1545 890 neque
1585 789 2056 856 declinationem
2101 791 2337 874 oportit
2376 809 2654 874 sperare.
3580 785 3582 840 ἶ

501 997 658 1065 nn.
751 997 868 1065 DE
915 997 1206 1080 vanus
1252 981 1344 1065 m
1391 997 1835 1067 ιἚΒιιιΒνε.
1924 1000 2381 1070 (ιΑωΕΝνε.
2948 1047 2953 1052 -
3580 1087 3582 1102 Ι

504 1102 708 1171 Urina
749 1103 988 1187 optima
1029 1109 1158 1186 est,
1223 1123 1388 1188 quae
1443 1105 1612 1173 sanis
1669 1104 2021 1175 hominibus
2076 1106 2293 1177 similis
2344 1107 2625 1194 apparit,
2684 1107 2848 1177 idest
2888 1109 3199 1177 subrouea
3244 1108 3451 1196 (¹12⁸)

291 1216 404 1278 aut
445 1211 736 1279 subflaua
778 1230 921 1278 eum
965 1210 1342 1296 pinguedine
1386 1211 1680 1278 mediocri
1723 1211 2119 1280 consistente.
2194 1213 2409 1280 Habet
2449 1219 2659 1282 autem
2703 1213 2769 1280 in
2813 1233 2884 1281 se
2921 1217 3051 1281 tres
3078 1214 3453 1282 differentias
3480 1236 3511 1291 s

292 1316 476 1385 urina
517 1315 803 1398 tui-uida,
864 1317 1032 1402 quod
1087 1317 1142 1386 si
1200 1316 1491 1387 minxerit
1548 1318 1913 1387 turbulenta
1966 1319 2151 1388 urina
2192 1324 2259 1388 et
2302 1325 2447 1408 post
2486 1320 2798 1388 modicum
2842 1321 3095 1388 resedat
3135 1327 3249 1389 aut
3290 1327 3455 1390 certe

292 1533 390 1596 est
431 1529 589 1596 haec
631 1528 986 1609 nobissima,
1031 1527 1230 1596 lebior
1274 1535 1486 1597 autem
1529 1528 1637 1596 illa
1681 1529 1903 1613 prima,
1951 1530 2157 1596 media
2199 1541 2353 1597 uero
2396 1529 2679 1612 utrisque
2720 1534 2821 1597 est
2860 1529 3153 1598 secunda.
3206 1527 3455 1614 Aquosa

292 1652 444 1702 uero
487 1633 674 1701 urina
715 1633 870 1701 satis
914 1639 1012 1702 est
1053 1633 1368 1720 indigesta
1423 1639 1490 1702 et
1532 1634 1853 1718 disperata
1894 1639 1994 1702 est
2034 1634 2464 1720 indigestionis
2506 1635 2928 1720 simptomata.
3016 1635 3320 1705 Indicium
3363 1641 3455 1704 est

293 1745 360 1808 et
403 1758 710 1808 uenarum
752 1759 977 1824 genus,
1023 1740 1226 1808 inesse
1268 1739 1622 1825 passiones,
1669 1740 1832 1808 sieut
1872 1759 2092 1808 ueram
2136 1741 2378 1810 uentris
2422 1741 2899 1826 indigesttonem
2943 1761 3059 1826 per
3100 1741 3452 1810 effusionem
3484 1767 3537 1820 ιο
3580 1757 3582 1826 ξ

293 1953 392 2016 est
446 1947 810 2032 indigestior
863 1948 1046 2015 urina
1103 1953 1171 2015 et
1226 1948 1367 2016 ideo
1423 1948 1692 2032 pessima
1749 1954 1868 2016 est.
1958 1948 2203 2016 Deinde
2259 1954 2472 2016 autem
2528 1950 2681 2031 ista,
2742 1939 2909 2034 quae
2962 1956 3063 2018 est
3110 1950 3353 2034 suptilis
3392 1957 3455 2017 et
3580 1977 3582 2020 τ

295 2053 443 2122 alba
483 2071 688 2137 aquae
731 2052 969 2121 similis.
1057 2055 1234 2122 Haeo
1288 2053 1452 2122 enim
1511 2053 1793 2138 proxima
1848 2060 1948 2122 est
2002 2053 2263 2122 alterius
2316 2054 2539 2123 urinae
2590 2060 2657 2122 et
2712 2055 2777 2122 in
2820 2054 3033 2125 multis
3074 2056 3453 2140 passionibus
3580 2055 3582 2134 ξ

293 2159 563 2240 uidetur,
610 2159 788 2226 uelut
827 2159 1010 2227 uinus
1053 2159 1238 2228 nimis
1281 2159 1526 2244 suptilis
1566 2165 1633 2228 et
1674 2160 1857 2229 albus
1898 2161 2149 2246 apparit
2190 2166 2259 2230 et
2297 2160 2528 2230 vdieitur
2564 2180 2812 2250 ypooro.
2856 2161 2976 2231 hoe
3004 2169 3103 2232 est
3128 2163 3449 2243 subrobea.

163 2317 170 2324 .
295 2265 575 2350 siligineo
603 2267 809 2334 eolore
836 2267 1193 2334 subsimilis.
1261 2267 1430 2333 Ocra
1473 2271 1682 2333 autem
1727 2272 1902 2334 terra
1943 2266 2190 2346 dieitur,
2235 2286 2425 2350 quam
2465 2269 2763 2336 tinctores
2798 2275 3063 2336 utuntur
3090 2274 3157 2336 et
3183 2268 3453 2354 siligineo
3484 2293 3535 2349 ιε
3580 2341 3582 2368 5

175 2413 180 2420 ·
294 2372 500 2442 eolore
540 2391 619 2440 ex
663 2391 742 2441 ea
783 2373 1055 2460 tingunt.
1145 2371 1252 2441 Fit
1291 2371 1510 2458 utique
1566 2373 1691 2442 iam
1749 2391 1829 2442 ex
1882 2372 2001 2442 bae
2042 2374 2359 2467 subrubea
2400 2381 2469 2444 et
2508 2375 2628 2444 iste
2670 2375 2798 2444 iam
2840 2375 3011 2446 oolor
3053 2375 3451 2462 digestionem
3580 2413 3582 2450 ;

295 2479 466 2546 facit.
534 2479 786 2562 oportit
828 2485 1040 2546 autem
1084 2498 1226 2546 eam
1271 2485 1338 2546 et
1379 2481 1674 2564 pinguem
1716 2481 1917 2548 exire:
1987 2481 2179 2548 etiam
2222 2486 2290 2548 et
2320 2482 2374 2548 si
2414 2500 2652 2566 aquosa
2691 2481 2901 2562 fuerit,
2946 2483 3254 2568 digeritur
3280 2486 3451 2562 bone,
3580 2467 3582 2520 :

295 2591 598 2671 quantum
645 2585 728 2652 ad
769 2584 1038 2652 colorem
1083 2585 1374 2669 pertinet.
1462 2584 1696 2665 Quodsi
1752 2586 2088 2654 seeundum
2146 2592 2441 2656 naturam
2493 2587 2663 2656 color
2703 2589 3036 2674 diligenter
3075 2589 3454 2658 custodiam
3580 2611 3582 2620 ·

297 2696 362 2759 et
405 2691 682 2759 sedimen
727 2690 941 2758 album
985 2695 1052 2759 et
1093 2691 1296 2759 leuem
1349 2697 1416 2760 et
1457 2692 1783 2776 aequalem
1841 2697 1908 2760 et
1960 2692 2227 2761 multum
2270 2692 2494 2776 faeiat,
2554 2693 2919 2780 digestionis
2960 2700 3109 2763 sunt
3163 2695 3344 2782 signa
3396 2701 3457 2764 et
3580 2717 3582 2742 ¹

297 2796 525 2866 multos
565 2797 792 2866 crudos
833 2796 1128 2867 humores
1169 2816 1447 2886 purgare
1487 2798 1815 2886 signifieat.
1889 2799 2123 2881 Quodsi
2164 2801 2454 2886 pinguior
2498 2800 2687 2870 suerit
2728 2801 3123 2872 mediocriter
3166 2808 3236 2871 et
3274 2789 3465 2872 habet
3484 2825 3539 2882 ω

299 2907 572 2988 aliquam
631 2905 946 2990 ypostasin
963 2953 979 2985 ‚
1049 2905 1207 2972 haee
1261 2906 1509 2972 omnino
1566 2906 1691 2973 iam
1746 2907 1991 2990 digesta
2048 2912 2167 2973 est.
2256 2908 2492 2986 Quodsi
2544 2907 2766 2976 floeeos
2807 2907 2873 2974 in
2916 2908 3189 2976 sedimen
3247 2908 3323 2993 (s.
3368 2907 3455 2989 2⁸)
3580 2897 3582 2908 ²

297 3011 536 3080 habeat
591 3014 705 3079 aut
745 3009 1114 3080 lamminosa
1157 3013 1256 3078 est
1269 3061 1287 3093 ,
1349 3015 1461 3080 aut
1503 3009 1837 3083 forioribus
1880 3011 2111 3082 similes
2152 3018 2501 3100 appareant
2555 3016 2622 3083 ει
2677 3018 2792 3083 aut
2831 3013 3045 3102 nigras
3087 3018 3201 3083 aut
3243 3012 3459 3083 libidas
3580 3033 3582 3096 ξ

301 3122 414 3186 aut
454 3118 689 3184 uirides
731 3123 844 3184 aut
887 3117 1085 3186 malos
1127 3117 1352 3186 odores
1395 3119 1702 3206 ypostasis
1739 3119 1991 3196 habeat,
2036 3118 2195 3187 haee
2220 3121 2431 3190 omnia
2460 3111 2795 3190 habentem
2820 3123 3067 3190 urinam
3095 3121 3457 3208 indigestam
3580 3161 3582 3172 ·

300 3243 439 3293 esse
481 3228 550 3292 et
589 3222 837 3291 omnino
881 3225 1237 3308 pessimam.
1327 3225 1447 3294 Illa
1477 3231 1702 3314 ‘autem
1719 3277 1736 3307 ,
1795 3245 1961 3310 quae
2001 3228 2165 3294 bono
2208 3227 2415 3297 colore
2457 3234 2558 3297 est
2597 3229 2781 3297 simul
2825 3233 2893 3296 et
2932 3229 3209 3298 sedimen
3253 3229 3457 3297 album

300 3332 368 3396 et
407 3329 611 3397 lenem
656 3331 722 3395 et
765 3327 1090 3413 aequalem
1135 3335 1202 3398 et
1229 3330 1557 3399 eolleetum
1603 3331 1839 3400 babeat
1865 3337 1932 3400 et
1958 3335 2071 3398 aut
2098 3332 2387 3402 nebolam
2419 3331 2695 3419 aliquam
2723 3331 2795 3422 in,
2816 3331 3205 3421 superficiem
3234 3332 3461 3402 habeat
3484 3353 3539 3410 ιι
3580 3337 3582 3424 g

302 3442 415 3505 aut
455 3436 883 3505 aneurismata
927 3435 1100 3506 faeta
1140 3438 1395 3520 habeat,
1442 3439 1607 3507 idest
1633 3440 1698 3507 in
1729 3441 1933 3509 medio
1959 3439 2222 3509 nebulas
2266 3460 2309 3510 a
2349 3462 2420 3510 se
2461 3441 2821 3527 suspendat,
2866 3441 3023 3510 haee
3064 3441 3146 3511 de
3182 3442 3459 3510 omuibus
3580 3427 3582 3474 ³

302 3541 500 3610 urinis
527 3545 676 3609 sunt
695 3541 990 3610 'meliores
1019 3546 1086 3610 et
1115 3543 1384 3611 maxime
1412 3543 1684 3627 quidem,
1730 3545 1784 3613 si
1811 3545 1877 3612 in
1906 3544 2031 3613 imo
2059 3546 2369 3614 resedeat.
2438 3545 2728 3616 Secunda
2754 3551 2983 3627 autem,
3030 3546 3085 3616 si
3114 3547 3460 3615 aneurisms
3544 3601 3582 3625 ,.

302 3653 450 3715 est..
510 3647 729 3714 Tei-tia
783 3665 936 3715 uero
992 3649 1047 3715 si
1101 3648 1328 3717 neuola
1384 3650 1448 3716 in
1504 3667 1749 3718 summo
1800 3655 2137 3734 appareat,
2201 3652 2359 3719 haee
2416 3652 2660 3720 initium
2717 3651 3079 3739 digestionis
3137 3651 3457 3738 significat.
3580 3675 3582 3722 ;

304 3751 678 3821 Aueurisma
721 3757 932 3822 autem
977 3753 1042 3820 in
1085 3741 1289 3824 medio
1331 3754 1738 3842 digestionem
1781 3773 1921 3825 esse
1962 3757 2253 3825 ostendit.
2320 3755 2487 3826 Nam
2522 3759 2832 3846 ypostnsis
2866 3758 3068 3846 ipsam
3097 3759 3460 3833 determina·
3580 3755 3582 3804 ³

304 3859 534 3928 tionem
561 3858 856 3928 ostendit.
927 3859 1172 3928 Neuola
1210 3875 1362 3930 uero
1400 3867 1707 3946 qnantum
1733 3863 1876 3947 plus
1903 3863 2189 3947 superius
2216 3861 2451 3933 fuerint
2476 3865 2736 3951 positae,
2780 3870 2958 3935 ιιιιιιο
2986 3865 3274 3935 meliores
3300 3869 3457 3935 sumt.
3485 3881 3539 3940 ιο

515 4070 598 4140 V.
687 4067 805 4138 DE
849 4069 1384 4140 EXPVTORVM
1427 4069 1522 4140 IN
1565 4070 2495 4145 FEBRIBVS.GA1.1NVS.
2604 4127 2619 4152 ,

483 4174 588 4244 Si
630 4174 880 4260 quando
923 4173 1212 4244 subflaua
1253 4180 1403 4246 sunt
1445 4177 1800 4262 sputamina
1852 4180 1920 4245 et
1960 4177 2275 4248 subrubea
2328 4185 2444 4249 aut
2494 4179 2793 4266 ιιιιβοοκ,
2850 4133 3018 4252 idest
3071 4179 3456 4268 subsiligineo

307 4281 514 4356 eolore
555 4288 622 4349 et
662 4283 1078 4365 subspumosa
1117 4287 1219 4350 est
1257 4287 1328 4349 et
1366 4281 1645 4365 suptilis.
1689 4282 1850 4352 baec
1890 4282 2317 4368 indigestionis
2356 4287 2551 4355 solius
2589 4292 2741 4356 sunt
2780 4279 2993 4374 signa.
3037 4287 3273 4356 malum
3314 4303 3456 4353 uero

193 4383 866 4486 *iasonihilesss
921 4385 1251 4474 signifieat.
1339 4386 1520 4470 Quae
1574 4385 2025 4488 autmundo
2078 4387 2315 4460 inierint
2368 4389 2539 4462 ilaus
2593 4397 2711 4470 aut
2762 4391 2967 4464 robes
3011 4396 3127 4463 aut
3178 4409 3457 4480 spumosa

519 4612 896 4674 ammata
967 4612 1405 4689 montalent
1472 4615 1680 4678 mbos
1745 4593 2560 4695 oe'nsbuluasslnsbnlm
2687 4562 2706 4651 ι·
