3634 4992
3254 279 3342 351 11

166 479 447 550 febribus
489 478 744 566 propria
789 484 856 547 et
898 478 1172 548 maximo
1212 479 1480 566 cognitio
1532 485 1660 562 est,
1719 487 1795 549 ut
1837 481 2008 551 calor
2048 482 2115 552 in
2170 481 2307 568 ipsa
2362 477 2539 552 febre
2582 483 2823 553 fumoso
2866 503 3104 570 uapore
3156 486 3247 552 sit
3290 491 3360 552 et

67 603 76 614 ·
167 588 570 672 tangentibus
613 586 722 652 diu
766 587 904 668 ipsa
947 583 1233 653 membra
1271 592 1338 652 et
1364 605 1582 671 pressa
1609 606 1798 654 manu
1836 607 1913 654 ex
1942 589 2218 655 acridiae
2244 591 2401 657 cotis
2428 590 2529 657 uel
2558 591 2814 673 uaporis
2840 591 3358 658 mordicationem

168 695 230 762 in
277 712 465 760 manu
510 693 760 760 sentiat.
852 692 1182 776 Proprium
1228 697 1439 760 autern
1471 699 1595 760 ·est
1636 697 1704 760 et
1745 695 2088 762 maximum
2144 693 2393 781 signum
2436 695 2620 763 urina
2662 695 2974 782 indigesta
3014 714 3159 763 cum
3204 714 3361 780 sup·

59 891 61 896 ·
169 800 430 879 tilitate,
490 802 557 865 et
612 788 688 864 si'
725 797 937 880 aliqua
994 797 1258 882 digestio
1301 798 1421 878 sit,
1482 799 1751 866 obscura
1793 805 1913 866 est.
2002 799 2167 866 Nam
2212 819 2355 867 mox
2398 801 2459 868 in
2506 800 2680 867 initio
2725 800 3137 885 aegritudinis
3178 801 3360 867 nullo
3572 819 3574 824 ·

170 910 372 1004 modo·
397 907 645 992 digesta
688 905 959 990 apparit.
1027 905 1191 972 Nam
1237 905 1521 990 ephialus
1564 912 1632 974 et
1673 907 2013 991 liperiodea
2056 905 2253 975 febris
2294 907 2395 975 uel
2440 907 2791 976 emitriteus
2832 907 2983 992 quid
3028 907 3190 975 aliut
3233 913 3356 988 est,
3394 927 3429 982 s
3572 889 3574 894 ’

171 1013 290 1078 nisi
335 1029 413 1078 ex
455 1011 784 1095 potredine
825 1016 1167 1076 nascuntur
1211 1009 1466 1078 febres?
1553 1011 1679 1078 Sed
1737 1018 1805 1078 et
1858 1031 2080 1079 causas
2136 1017 2204 1078 et
2260 1011 2503 1096 tyfodes
2559 1016 2674 1079 aut
2724 1010 2823 1079 bis
2863 1011 3095 1078 similes
3141 1010 3361 1078 febres
3498 1047 3503 1054 ·

171 1137 385 1186 omnes
429 1137 508 1184 ex
551 1118 882 1210 humorum
931 1123 1314 1201 generantur
1355 1118 1750 1201 potr-idinem.

387 1310 566 1376 VIII.
657 1307 1033 1378 CVRATIO
1075 1307 1464 1375 FEBRIVM
1508 1308 1740 1388 QVAE
1783 1309 1902 1376 Ex
1946 1308 2445 1378 POTBEDINE
2489 1308 3101 1376 GENERANTVR.

388 1415 496 1481 nii
541 1433 710 1492 uero,
757 1413 865 1496 qui
911 1432 986 1480 ex
1031 1413 1362 1480 hunnorum
1408 1415 1732 1508 putredine
1775 1413 2078 1494 febriunt,
2124 1414 2177 1481 si
2222 1399 2426 1481 uirtus
2471 1413 2650 1481 fortis
2692 1420 2809 1492 est,
2856 1412 3359 1480 fleuotomandus

143 1525 274 1593 ,est
316 1539 457 1587 mox
503 1520 565 1586 in
612 1519 808 1586 initio.
899 1519 1078 1600 Quod
1125 1519 1177 1586 si
1237 1524 1458 1587 uenter
1501 1520 1845 1606 indigestus
1890 1519 2047 1587 fluat
2090 1525 2203 1586 aut
2258 1520 2463 1587 uirtus
2518 1517 2821 1585 infirmior
2876 1518 2963 1584 sit
3017 1517 3119 1586 uel
3174 1523 3360 1584 aetas
3397 1537 3462 1590 ιο

175 1621 527 1710 prohibeat,
573 1625 942 1691 fleuotomus
985 1643 1106 1691 non
1151 1630 1270 1689 est·
1291 1624 1702 1690 adhibendus.
1778 1625 1948 1720 Post·
1971 1629 2181 1690 autem
2226 1625 2697 1690 ebacuationem
2738 1624 3055 1706 sanguinis
3092 1623 3359 1706 purgari

176 1736 450 1816 oportet,
498 1750 663 1815 quae
706 1736 1088 1816 putruerunt
1129 1728 1441 1812 humores,
1488 1749 1604 1814 per
1647 1729 1893 1798 urinam
1937 1735 2005 1797 et
2048 1735 2334 1797 uentrem
2364 1737 2431 1798 et
2458 1729 2739 1798 sudores.
2807 1727 2987 1810 Quod
3016 1729 3069 1796 si
3112 1728 3362 1796 uolum-

178 1838 377 1903 tarius
419 1837 500 1902 de
543 1836 864 1903 stomacho
907 1855 1023 1920 per
1051 1837 1296 1902 uomica
1325 1836 1517 1901 fuerit
1546 1834 1714 1902 facta
1741 1836 2053 1919 purgatio,
2100 1853 2217 1918 per
2245 1835 2420 1913 alias,
2467 1851 2627 1917 quas
2656 1833 2941 1911 diximus,
2988 1838 3205 1916 partes
3230 1851 3361 1898 non

177 1949 424 2028 oportet
444 1948 664 2012 contra
683 1949 915 2026 natura
945 1944 1208 2010 inritare
1251 1943 1564 2009 bumores.
1633 1941 1940 2027 Eligenda
1970 1948 2068 2009 est
2100 1959 2253 2010 uero
2276 1940 2561 2019 materia,
2598 1959 2761 2023 quae
2790 1939 2923 2007 sine
2953 1937 3363 2006 calefactione

179 2053 246 2114 et
275 2047 552 2115 siccitate
581 2046 979 2127 sufficienter,
1013 2064 1177 2130 quae
1205 2045 1464 2130 putrida
1482 2050 1646 2127 sunt,
1679 2045 1992 2112 deducant
2009 2050 2075 2112 et
2095 2048 2386 2130 purgent,
2418 2042 2630 2127 qualia
2650 2049 2799 2112 sunt
2821 2060 3005 2110 sucus
3028 2046 3359 2128 ptysanae,
3398 2061 3461 2115 io
3572 2051 3574 2082 ³

182 2154 438 2235 mulsae,
484 2154 804 2241 oxymellis
847 2162 914 2222 et
942 2154 1263 2239 apomeliis
1307 2152 1406 2222 uel
1439 2153 1563 2238 apii
1595 2153 1837 2222 radices
1864 2154 1927 2220 in
1957 2171 2143 2238 aqua,
2188 2170 2353 2236 quae
2394 2157 2494 2218 est
2537 2150 2826 2232 bibenda,
2874 2151 2927 2218 si
2971 2148 3363 2234 decoquatur

182 2266 248 2326 et
289 2259 380 2326 sic
421 2261 596 2342 potui
641 2260 848 2326 detur.
939 2260 1114 2326 Haec
1157 2266 1368 2326 autem
1417 2257 1489 2344 (f.
1516 2259 1608 2340 6⁸)
1655 2260 1792 2342 ipsa
1834 2263 1901 2326 et
1944 2276 2058 2341 per
2102 2262 2324 2324 uentre
2366 2255 2683 2322 deducunt
2710 2259 2777 2321 et
2803 2255 3049 2321 urinam
3080 2259 3360 2320 mouent.

59 2369 61 2372 ⁴
185 2366 364 2446 Quod
421 2366 474 2433 si
539 2365 780 2433 uentris
844 2365 1126 2450 patiatur
1189 2363 1684 2459 constrictionem
1700 2415 1717 2444 ,
1786 2363 2177 2432 adhibendus
2220 2366 2319 2430 est
2359 2361 2642 2450 clysteris
2699 2359 2791 2429 ex'
2819 2359 3021 2428 mulsa
3076 2363 3143 2427 et
3198 2359 3361 2426 oleo.

59 2511 62 2514 ·
189 2473 452 2540 Omnem
498 2471 694 2558 igitur
735 2489 960 2554 corpus
976 2522 992 2550 ,
1055 2470 1414 2554 antequam
1435 2465 1776 2540 euacuetur
1791 2521 1809 2550 ,
1865 2469 2201 2538 rarefacire
2242 2487 2366 2535 non
2408 2473 2676 2552 oportet.
2766 2466 3161 2534 Euacuatum
3204 2482 3363 2531 uero

187 2577 396 2662 potest
437 2578 703 2646 reddere
747 2597 981 2658 rarum,
1029 2577 1084 2645 si
1128 2585 1270 2646 cum
1314 2576 1452 2646 oleo
1489 2565 1704 2660 ‘tepido
1747 2574 2133 2644 camimelino
2176 2593 2572 2658 perungueas
2614 2591 2861 2658 corpus.
2929 2571 3161 2640 Vinum
3204 2589 3363 2638 uero
3394 2591 3465 2644 ao

189 2683 433 2749 dandus
477 2689 576 2750 est
619 2683 819 2762 albus,
865 2683 1022 2749 lenis
1066 2687 1133 2748 et
1175 2699 1447 2764 aquosus
1489 2681 1690 2765 potui.
1781 2679 1979 2745 Mouit
2034 2680 2201 2745 enim
2258 2679 2636 2762 digestiones
2676 2682 2744 2743 et
2785 2676 3078 2742 balncum
3122 2680 3367 2758 teutpe-

190 2793 399 2857 ratum
443 2808 522 2857 ex
565 2807 733 2873 aqua
776 2787 940 2856 dulci
987 2787 1245 2856 factum.
1315 2786 1440 2856 Sed
1469 2787 1524 2854 si
1554 2785 1716 2855 forte
1744 2784 1936 2853 fuerit
1963 2783 2231 2852 febrium
2260 2783 2642 2868 magnitudo,
2688 2781 2892 2865 qualis
2933 2786 3033 2850 est
3073 2799 3363 2866 synnocus,

189 2911 394 2978 neque
435 2895 652 2962 uinum
696 2896 790 2960 uti
834 2895 1068 2978 oportit
1111 2911 1316 2976 neque
1358 2892 1652 2960 balneum
1713 2909 1915 2974 neque
1958 2889 2383 2956 trasanctione
2438 2889 2557 2955 olei
2600 2879 2969 2955 camimelini
2982 2936 2999 2966 ,
3057 2885 3169 2952 scd
3227 2885 3367 2952 mla

191 3021 360 3084 aqua
401 3002 632 3085 frigida
675 3001 736 3069 in
783 3001 882 3069 his
926 3000 1209 3068 febribus
1251 3000 1424 3083 potui
1471 2998 1682 3066 danda
1723 3002 1838 3077 est,
1886 2997 1939 3064 si
1982 3016 2106 3064 non
2154 2996 2366 3080 aliqua
2392 3013 2496 3062 res
2523 2993 2873 3078 prohibeat.
2946 2991 3112 3060 Nam
3156 2992 3365 3058 uirtus
3572 3053 3574 3064 ,

191 3105 464 3174 sufficiat
506 3105 845 3174 infirmanti
889 3112 956 3174 et
1000 3104 1210 3174 febres
1253 3105 1306 3174 si
1349 3105 1652 3173 causodes
1695 3107 1762 3170 et
1804 3101 2166 3188 digestionis
2210 3100 2393 3186 signa
2426 3097 2563 3166 sint.
2581 3096 2910 3165 manifesta
2937 3111 3105 3180 aqua
3130 3094 3367 3180 frigida
3399 3115 3467 3170 π

192 3213 373 3281 dabis
416 3214 797 3281 confidenter
841 3213 1080 3280 bibere.
1169 3213 1336 3280 Nam
1393 3212 1447 3279 si
1504 3215 1571 3279 et
1631 3210 1924 3278 carnibus
1982 3207 2175 3276 fuerit
2232 3206 2509 3291 repletus
2564 3211 2633 3274 et
2672 3211 2919 3288 tempus
2974 3201 3140 3270 seris
3182 3209 3367 3270 extas
3572 3193 3574 3196 ⁴

194 3317 277 3386 sit
319 3319 486 3386 sicca
527 3319 772 3403 utique,
822 3318 884 3386 in
929 3317 1167 3404 piscina
1211 3314 1442 3402 frigida
1483 3315 1535 3384 si
1581 3316 1798 3382 iubeas
1841 3319 1913 3380 ιιι
1954 3311 2309 3392 descindat,
2356 3331 2477 3379 non
2519 3309 2709 3390 ledis,
2754 3305 2866 3376 sed
2908 3307 3114 3394 potius
3156 3306 3366 3375 iubas.
3414 3297 3423 3308 ’

195 3425 268 3492 In
313 3445 388 3493 eo
434 3431 644 3492 autem
689 3425 824 3509 ipso
867 3431 1147 3508 tempore
1188 3443 1332 3492 cum
1375 3423 1457 3490 de
1499 3423 1736 3515 piscina
1777 3421 1935 3501 exit,
1982 3438 2127 3486 curn
2171 3419 2234 3485 in
2277 3417 2529 3486 sauanis
2571 3421 2829 3500 pausat,
2874 3413 3087 3481 statim
3132 3413 3366 3480 sudare·

58 3583 60 3586 ,
195 3529 391 3598 debit.
480 3530 660 3611 Quod
703 3529 758 3596 si
815 3534 1039 3596 uenter
1094 3528 1154 3596 ei
1215 3526 1357 3595 fluit
1411 3526 1715 3594 cholerico
1773 3525 2032 3592 humore
2089 3528 2157 3589 et
2198 3520 2524 3588 mediocris
2566 3520 2649 3588 sit
2690 3517 2882 3586 febris
2900 3593 2905 3598 ,
2924 3521 2993 3584 et
3034 3517 3240 3584 uirtus
3281 3516 3385 3583 sis

58 3699 61 3708 .
195 3636 409 3703 ualida
452 3637 635 3704 simul
679 3643 748 3703 et
789 3636 1152 3721 digestionis
1193 3635 1374 3720 signa
1415 3636 1794 3718 appareant,
1854 3631 2031 3698 iuuat
2076 3627 2235 3697 tales
2257 3724 2266 3733 .
2290 3627 2583 3695 balneum
2640 3627 2708 3692 et
2748 3622 2878 3692 uini
2919 3621 3091 3707 potio
3134 3627 3203 3690 et
3242 3621 3367 3690 olei
3402 3643 3469 3698 ω
3572 3633 3575 3684 ÷

196 3739 568 3833 carnimelini
611 3738 975 3810 tras'unctio.

371 3902 626 3988 ‘v1111.
715 3916 975 3986 smm
1020 3914 1520 3985 'mamma
1565 3911 1893 3982 seems.
1980 3908 2382 3980 elimans,

411 4025 480 4092 Si
524 4044 681 4093 uera
720 4029 820 4092 est
861 4023 1168 4103 tertiana,
1227 4021 1380 4106 quia
1419 4023 1520 4089 est
1560 4025 1627 4089 et
1669 4038 1790 4087 non
1836 4036 2023 4097 uera,
2086 4034 2246 4110 uera
2288 4033 2441 4099 ergo
2484 4014 2760 4082 tertiana
2800 4010 2983 4081 flauis
3025 3959 3369 4097 generatur

127 4161 132 4170 ·
200 4128 573 4200 choleribus.
663 4129 934 4198 Necesse
999 4132 1100 4198 cst
1161 4145 1307 4195 mox
1373 4144 1414 4194 a
1464 4124 1766 4211 principio
1832 4141 1973 4190 cum
2039 4121 2276 4208 ingenti
2340 4119 2619 4188 nascitur
2672 4134 2890 4187 orrore
2945 4121 3015 4184 et
3067 4115 3368 4202 frigdore.
3412 4165 3425 4179 .

58 4261 61 4266 Δ
203 4235 453 4305 Differit
493 4241 706 4305 autem
749 4255 793 4305 a
833 4239 1142 4319 quartano
1181 4234 1318 4318 ipse
1351 4225 1553 4319 '‘rigor.
1619 4233 1782 4302 Nam
1822 4231 1883 4300 in
1920 4229 2191 4298 tertiano
2228 4227 2363 4312 ipse
2388 4226 2563 4314 rigor
2588 4243 2869 4312 pungere
2894 4230 2965 4294 et
2988 4222 3371 4308 pertundere

415 4414 449 4469 7
485 4365 781 4484 putridine&
835 4415 908 4468 20
939 4409 1217 4507 conianolo
1299 4413 1370 4468 2⁴
1404 4389 1510 4482 αἴῃ
1577 4411 1647 4466 97
1681 4405 1776 4467 scd
1809 4405 2063 4481 potiubu
2098 4405 2152 4462 in
2187 4420 2254 4463 eo
2286 4410 2435 4461 autu
2504 4403 2581 4460 80
2611 4399 2875 4460 uuir-eli
