3634 4992
3340 253 3437 324 15

256 453 422 524 Nam
467 454 520 522 si
563 471 688 521 non
733 451 1230 534 flebotomentur,
1277 453 1386 539 qui
1430 453 1542 523 tali
1585 455 1879 524 laborant
1920 454 2116 538 febre,
2163 475 2305 526 cum
2336 456 2419 526 ad
2448 455 2637 526 crisin
2666 455 3017 527 faciendam
3058 457 3124 526 in
3150 462 3442 527 extrema

255 560 658 646 peruenerint
697 559 1005 644 passione,
1051 559 1380 628 incurrunt
1422 580 1500 628 ex
1543 562 1682 646 ipsa
1723 561 2107 646 plenitudine
2152 561 2226 650 (ι’.
2272 564 2367 648 9·)
2412 565 2780 649 periculum.
2868 567 3029 634 Cum
3086 583 3211 634 non
3254 583 3441 650 prae-

254 668 533 736 ualuerit
574 672 807 734 natura
863 666 1194 734 humorum
1240 667 1550 752 expellere
1594 668 2121 751 habundantiam,
2182 670 2567 756 extinguitur
2610 669 2816 740 homo.
2904 672 3087 754 Quod
3125 671 3181 740 si
3222 671 3442 756 aliqua

256 775 382 843 alia
425 773 879 842 interueniente
921 793 1114 842 causa
1157 774 1490 858 prohibeat
1532 775 1931 844 flebotomum
1976 777 2297 858 adhibere,
2344 778 2485 848 aliis
2529 779 2623 846 uti
2656 783 2907 864 oportet
2934 778 3279 859 adiutoriis,
3324 779 3439 863 qui

255 881 544 968 aperiant
600 887 667 949 et
719 885 1056 948 extenuent
1113 880 1445 950 humorum
1504 880 1948 970 plenitudinem
2004 890 2073 952 et
2133 883 2419 970 mitigent
2473 883 2743 954 febrium
2800 884 3079 954 ardores.
3170 883 3335 960 Nun
3380 883 3437 951 si
3474 905 3516 959 a

254 991 437 1074 signa
479 988 841 1073 digestionis
885 989 1119 1057 uideris
1161 989 1298 1056 fieri
1343 994 1410 1056 et
1454 1009 1655 1074 neque
1697 990 1760 1057 in
1806 991 2151 1059 uisceribus
2194 991 2420 1076 aliquis
2478 997 2688 1060 tumor
2729 997 2829 1060 est
2868 997 2983 1060 aut
3026 989 3437 1062 inflammatio

242 1085 373 1164 ‘aut
415 1094 651 1165 duritia
695 1099 808 1165 aut
849 1095 1048 1164 scirus
1107 1099 1174 1164 et
1217 1115 1420 1181 neque
1462 1095 1712 1182 aliquod
1756 1098 2106 1167 membrum
2151 1095 2447 1186 frigidum
2490 1097 2704 1180 habit,
2751 1103 2825 1166 ut
2866 1098 2931 1167 iii
2974 1117 3051 1167 eo
3092 1097 3441 1167 ‹lescendat

253 1203 426 1284 lesio,
475 1222 618 1270 cum
665 1203 894 1269 fiducia
937 1203 1076 1269 (lari
1119 1207 1370 1286 oportet
1412 1222 1646 1286 nquam
1684 1203 1975 1288 frigidam
2030 1211 2099 1272 et
2140 1206 2440 1285 maxime,
2500 1206 2556 1272 si
2600 1209 2896 1290 aegrotus
2938 1211 3269 1274 consiietus
3312 1205 3441 1273 ruit

257 1327 426 1395 aqua
469 1307 687 1379 bibere
729 1307 980 1397 frigida.

325 1593 329 1598 .
469 1538 1060 1610 xvl11.81GNA
1107 1540 1158 1608 c
1161 1537 1438 1608 ινεοιι
1493 1539 1822 1609 menis.
2214 1487 2219 1492 ⁴
2668 1511 2675 1523 '
3438 1557 3522 1616 ιο

467 1647 587 1728 Qui
633 1665 864 1715 causon
905 1645 1214 1726 laborant,
1261 1645 1420 1713 haec
1462 1652 1809 1729 sequuntur
1853 1648 2221 1715 accedentes
2262 1647 2475 1731 signa.
2525 1589 2742 1732 lingua
2781 1647 2948 1718 sicca
2989 1653 3055 1716 ct
3098 1666 3324 1731 aspen
3368 1653 3442 1714 et

256 1755 439 1840 nigra
481 1760 583 1822 est
624 1759 690 1821 et
732 1753 1098 1822 mordicatio
1143 1751 1382 1820 uentris
1425 1756 1493 1819 et
1533 1771 1814 1821 secessus
1858 1752 2205 1822 cholericus
2246 1759 2317 1821 et
2369 1753 2508 1822 sitis
2550 1743 2744 1822 nimia
2784 1773 2926 1822 cum
2978 1753 3435 1836 insomnietate,

83 1961 92 1974 ι
245 1860 571 1928 interdum
615 1859 806 1927 etiam
850 1863 916 1927 et
958 1857 1271 1926 alienatio.

472 2086 749 2156 xv1111.
840 2084 1215 2156 CVRATIO
1263 2083 1599 2154 cAvsoN
1643 2083 1971 2153 FEBRIS.

473 2197 612 2262 Duo
657 2195 814 2263 haec
856 2214 1086 2262 causon
1131 2193 1540 2262 febrientibus
1583 2195 1732 2260 sunt
1775 2193 2147 2274 necessaria,
2194 2212 2386 2260 unum
2432 2193 2613 2262 utile:
2636 2193 3005 2286 ,cholericus
3035 2195 3258 2263 humor
3286 2196 3440 2263 sub·
3484 2213 3555 2268 ιε

101 2315 110 2328 ·
258 2300 529 2370 ducatur
571 2307 685 2368 aut
727 2299 1116 2380 extrahatur,
1164 2298 1431 2367 alterum
1476 2316 1647 2381 uero,
1694 2301 1767 2366 ut
1809 2298 2233 2384 extinguatur.
2324 2297 2709 2366 Subducitur
2752 2298 2914 2366 enim
2955 2299 3055 2366 uel
3084 2305 3439 2368 euacuatur

258 2427 373 2493 pei·
416 2413 701 2476 uentrem
747 2412 814 2476 et
856 2407 1159 2476 uomitum
1204 2413 1318 2474 aut
1359 2407 1639 2476 sudores.
1711 2405 2117 2490 Extinguitur
2159 2411 2369 2474 autem
2416 2425 2529 2490 per
2573 2402 2775 2490 aquae
2803 2405 3069 2491 frigidae
3096 2407 3436 2492 potionem.

261 2513 366 2584 Sic
408 2532 520 2584 nos
564 2531 811 2600 sempor
853 2511 1214 2582 curabimus
1259 2529 1478 2582 causes
1521 2509 1752 2586 febres.
1845 2511 2030 2580 Dieta
2071 2529 2245 2593 uero,
2290 2509 2399 2598 qui
2428 2529 2658 2581 muson
2690 2509 2980 2596 febriunt.
3028 2530 3230 2597 neque
3266 2531 3443 2598 aqua

259 2623 395 2691 sola
435 2628 502 2690 et
545 2622 749 2689 mulsa
793 2621 1002 2689 danda
1045 2627 1146 2689 est
1186 2622 1340 2690 sola.
1429 2619 1640 2690 Mulsa
1681 2625 1893 2689 autem
1938 2639 2177 2704 aquosa
2217 2627 2285 2689 et
2313 2625 2491 2689 cocta
2518 2617 2728 2688 «landa
2754 2625 2873 2688 est.
2960 2621 3213 2705 oportit
3238 2620 3439 2705 igitur

259 2727 377 2809 his,
423 2725 531 2812 qui
576 2745 806 2794 causon
852 2724 1158 2808 febriunt,
1211 2725 1358 2794 solis
1403 2725 1756 2810 potionibus
1800 2723 2047 2792 nutriri.
2137 2725 2443 2792 Balneum
2488 2743 2659 2806 uero,
2702 2725 2811 2810 qui
2855 2744 3087 2793 causon
3129 2722 3431 2806 febriunt,
3476 2745 3556 2799 ει)

259 2835 381 2902 illis
424 2835 571 2902 solis
615 2833 895 2918 expedit,
956 2832 1185 2917 quibus
1241 2833 1376 2902 sine
1435 2838 1680 2902 tumore
1733 2831 1836 2900 uel
1892 2803 2381 2900 inflammatione
2438 2838 2552 2902 aut
2604 2832 3069 2918 erisipelatodes
3117 2852 3241 2902 nou
3284 2839 3441 2903 sunt

256 2939 571 3008 uiscerum
618 2945 834 3024 partes
877 2937 1286 3021 constitutae,
1331 2943 1400 3008 et
1442 2938 1495 3008 si
1541 2938 1742 3025 magis
1785 2919 2147 3022 digestionis
2191 2937 2487 3006 habuerit
2526 2937 2726 3025 signa,
2772 2937 2913 3022 pius
2954 2937 3250 3024 expedire
3290 2957 3439 3024 pro-

259 3046 470 3115 batur.
559 3046 816 3128 Quibus
845 3049 1060 3113 autem
1103 3045 1186 3112 de
1225 3045 1408 3113 salsis
1451 3043 1817 3112 humoribus
1859 3061 2091 3110 causon
2151 3040 2343 3111 fuerit
2384 3051 2720 3130 generatus
2733 3095 2751 3126 ‚
2796 3044 3119 3116 labacrum
3161 3063 3285 3114 non
3326 3064 3441 3114 ex·

259 3151 434 3238 pedit
475 3153 588 3236 uti,
635 3153 746 3222 sed
792 3150 866 3240 (ι’.
899 3151 997 3238 9“)
1044 3156 1291 3220 tantuin
1335 3150 1487 3220 istos
1529 3169 1712 3222 sucos
1751 3155 2057 3238 ptysanae
2098 3149 2263 3220 solos
2304 3149 2541 3238 nutrici,
2556 3147 2561 3153 ’
2574 3151 2883 3226 conuenit.

471 3383 614 3453 XX.
667 3322 673 3327 »
705 3379 1081 3454 CVRATIO
1125 3380 1205 3451 81
1250 3381 1368 3451 DE
1413 3379 2150 3452 ERESIPELATODIS
2194 3343 2615 3453 PASSIOlOE
2660 3337 3115 3451 FEBmVN'r.
3476 3400 3557 3458 25

473 3489 710 3558 Febres
724 3540 742 3571 ‚
802 3490 857 3558 si
900 3489 981 3556 de
1023 3487 1360 3572 eresipelas
1402 3488 1757 3558 intrinsicus
1801 3491 1984 3556 natas
2036 3485 2273 3558 fuerint
2314 3494 2673 3576 generatae,
2716 3486 2967 3556 omniuo
3010 3485 3437 3573 prohibendus

257 3602 358 3668 est
399 3596 681 3668 balneus.
771 3593 957 3680 Aqua
998 3613 1152 3664 uero
1200 3593 1435 3681 frigida
1473 3595 1537 3665 in
1583 3594 1759 3664 initio
1799 3592 2104 3681 passionis
2148 3611 2271 3666 non
2314 3602 2415 3666 est
2440 3595 2668 3680 danda,
2714 3595 2825 3666 sed
2854 3591 3116 3665 deforis
3150 3593 3437 3663 hutiliter
3470 3585 3481 3593 ”

211 3757 217 3766 .
260 3703 492 3788 frigida
545 3703 755 3770 omnia
811 3702 1214 3770 adhibentur.
1303 3703 1392 3788 Et
1447 3701 1501 3769 si
1557 3700 1708 3768 miili
1761 3718 1955 3767 causa
2009 3701 2199 3769 nimio
2257 3707 2726 3786 perurguantur
2782 3701 3010 3768 ardore
3049 3706 3118 3767 et
3156 3699 3239 3768 de
3281 3699 3437 3766 toris

215 3799 222 3806 ’
259 3829 382 3880 non
426 3809 581 3880 satis
623 3809 940 3891 iubentur,
988 3828 1242 3880 necesse
1284 3813 1401 3894 est.
1449 3812 1524 3878 ut
1565 3811 1634 3878 et
1675 3805 2034 3878 intrinsicus
2078 3805 2531 3880 ministrentur.
2620 3806 2895 3880 Maxime
2939 3813 3151 3878 autem
3192 3804 3285 3876 eis
3326 3823 3436 3876 ex·

259 3914 436 4001 pedit
475 3915 753 3984 lactucas
796 3914 1082 4001 accipere
1119 3921 1188 3982 et
1229 3914 1310 3983 de
1352 3912 1504 3983 foris
1547 3911 1742 3999 ipsius
1798 3913 2082 3982 lactucae
2135 3931 2324 3984 sucus
2382 3913 2599 3984 hutilis
2626 3919 2739 3983 est
2779 3916 2848 3983 et
2886 3911 3105 4001 intyba
3144 3911 3435 3982 similiter
3476 3933 3560 3990 ω

258 4025 327 4092 et
381 4003 778 4108 semperbiba
835 4022 1036 4091 herba
1089 4023 1158 4090 et
1213 4020 1340 4090 alia
1396 4020 1497 4091 liis
1552 4020 1780 4090 similia
1833 4039 1913 4089 ex
1968 4019 2100 4102 liis,
2145 4039 2313 4106 quae
2354 4020 2700 4122 infrigdare
2742 4024 3021 4106 possunt.
3108 4017 3435 4105 optimum

258 4133 473 4197 autem
528 4133 630 4198 est
681 4131 750 4198 et
803 4147 996 4215 quam
1053 4127 1324 4198 maxime
1381 4127 1502 4198 lioc
1557 4126 1941 4246 medicamen
1995 4127 2267 4198 utimur.
2327 4127 2613 4257 lactucae
2634 4125 3441 4268 etamnpmuuaemcm

375 4381 378 4384 ’
474 4410 854 4474 iuncinum
921 4408 1972 4486 simunt-‚amma
2042 4367 2552 4472 ss-oenoeuiu‘
2690 4427 2695 4435 ‚
2829 4405 2839 4426 ¹
